3458 5100
778 270 1002 336 ,28-

248 450 343 517 cuius
375 449 523 516 carmina
554 452 590 515 et
618 447 743 515 theatri
774 445 914 534 plausus
943 448 1101 516 uidentur
1134 450 1284 534 captare?
1333 447 1460 529 Quibus
1485 467 1528 514 ex

248 556 360 623 uerbis
383 559 442 623 tuo
472 556 544 622 iure
567 555 823 623 commentarios
846 554 1010 642 quosdam
1033 553 1216 622 confecisse
1240 555 1425 622 Cornutum
1448 574 1527 621 con·

249 662 373 730 eludas.
418 663 530 749 Atque
557 683 592 728 re
620 683 745 729 uerae
768 661 916 728 charisio
941 659 997 729 GL
1017 661 1032 727 l
1054 683 1084 749 p.
1104 662 1177 746 127,
1190 663 1234 728 20
1252 660 1292 729 K.
1336 660 1372 728 L.
1395 661 1529 728 Annaei

249 769 387 836 Cornuti
409 769 638 836 commentarii
652 768 798 836 Maronis
813 766 981 835 Aeneidos
1005 768 1161 853 citantur,
1184 789 1268 856 quos
1291 768 1427 835 eosdem
1450 788 1528 835 csse

249 897 391 964 quorum
413 876 554 944 occurrit
575 875 658 944 liber
671 875 704 941 X
726 873 816 962 apud
839 874 962 943 Charis.
985 895 1015 962 p.
1034 875 1162 958 125,1c
1176 874 1216 941 K.
1233 873 1320 957 (uide
1335 874 1432 963 p.79l
1464 875 1528 940 uiri

249 983 339 1051 docti
362 982 473 1051 adhuc
495 984 716 1051 coniecerunt
761 981 885 1049 Contra
906 981 957 1051 rr.
972 981 1040 1049 Leo
1063 981 1231 1049 diuersam
1253 982 1409 1069 utrinque
1431 1002 1527 1048 men·

248 1091 349 1158 tionis
380 1090 544 1158 rationem
572 1090 751 1177 respiciens
779 1089 923 1157 alterum
945 1109 1020 1157 esse
1044 1089 1242 1176 opusculum
1263 1087 1529 1174 intellegendum

249 1221 280 1286 p.
299 1198 372 1282 127,
400 1197 543 1266 alterum
565 1195 735 1286 quoddam
757 1197 939 1281 significari
962 1196 1100 1263 alterius
1122 1196 1186 1263 loci
1209 1196 1321 1264 uerbis
1347 1197 1532 1263 ‘Cornutus

250 1304 293 1372 ad
316 1303 469 1372 Italicum
493 1303 533 1371 de
556 1302 700 1387 Vergilio
723 1302 806 1370 libro
829 1303 878 1369 X’
905 1304 1078 1371 contendit
1100 1303 1289 1370 Naohricht.
1313 1303 1343 1370 d.
1362 1302 1436 1387 Kgl.
1453 1303 1528 1370 Ges.

250 1411 280 1478 d.
310 1411 515 1478 Wissensoh.
550 1433 576 1477 z.
615 1410 762 1495 Gotting.
807 1410 1010 1478 Phil-Hist
1044 1410 1096 1477 Kl.
1127 1411 1213 1478 1904
1244 1410 1368 1477 Heit3
1400 1432 1430 1501 p.
1454 1407 1531 1477 259.

249 1520 434 1602 Distinguit
464 1517 553 1584 enim
582 1521 796 1604 ὑπομνήματα
818 1517 838 1584 i.
860 1539 887 1585 e.
911 1518 1178 1604 commentarios,
1211 1518 1332 1605 quibus
1355 1519 1530 1605 poetarum

251 1626 399 1693 carmina
421 1624 626 1712 aliorumque
650 1626 846 1712 scriptorum
869 1645 969 1711 opera
993 1625 1199 1713 explicentur
1218 1623 1273 1691 uel
1289 1623 1530 1706 describantur,

251 1737 287 1799 et
308 1733 538 1817 συγγράμματα
560 1734 633 1817 περὶ
655 1742 712 1797 τοῦ
731 1734 825 1817 δεῖνα,
849 1752 990 1820 quorum
1004 1732 1104 1816 longe
1120 1735 1175 1798 est
1189 1731 1257 1798 alia
1272 1730 1429 1816 condicio,
1455 1750 1532 1797 cum

251 1861 320 1906 non
343 1843 415 1906 tam
430 1838 555 1925 scripta
568 1840 643 1926 ipsa
665 1859 767 1927 quarn
790 1838 958 1925 scriptoris
980 1859 1168 1926 personam,
1192 1839 1309 1922 uitam,
1333 1858 1451 1922 mores,
1476 1838 1532 1903 in-

252 1945 362 2013 dolem
385 1949 637 2032 persequantur.
683 1945 873 2012 Secundum
903 1945 991 2012 hano
1013 1946 1187 2029 rationem,
1211 1966 1314 2033 quam
1336 1947 1426 2012 recte
1449 1965 1528 2011 con·

252 2059 342 2120 stare
362 2052 546 2120 Aristarchi
554 2055 577 2136 1)
602 2053 763 2139 exemplo,
780 2050 945 2140 Didymill
968 2054 1042 2137 περὶ
1057 2055 1288 2138 Δημοσθένους
1309 2051 1431 2133 libello,
1457 2050 1534 2118 aliis

252 2160 499 2247 comprobatur,
535 2163 667 2246 praeter
697 2157 833 2226 Cornuti
863 2160 989 2246 scripta
1015 2159 1206 2244 Vergiliana
1239 2158 1363 2248 Hygini
1397 2179 1530 2247 quoquc

252 2267 353 2333 libros
374 2288 395 2333 a
410 2264 516 2333 Gellio
533 2269 808 2334 commemoratos
822 2267 837 2332 Ι
853 2267 935 2350 21,2
955 2267 1121 2355 ‘Hyginus
1137 2317 1145 2333 .
1161 2317 1169 2332 .
1185 2319 1192 2332 .
1215 2267 1249 2333 in
1274 2265 1532 2348 commentariis,

253 2374 405 2460 quaein
428 2372 666 2456 Vergilium
688 2372 781 2441 iecit'
806 2377 841 2441 et
862 2373 941 2439 XVI
956 2373 1038 2458 6,14
1068 2373 1234 2462 ‘Hyginus
1266 2373 1369 2440 Iulius
1392 2425 1400 2440 .
1424 2424 1431 2439 .
1455 2425 1462 2438 .
1496 2372 1533 2437 in

252 2483 371 2569 quarto
395 2479 562 2564 librorum,
594 2501 678 2566 quos
709 2480 755 2547 de
778 2480 949 2565 Vergilio
972 2481 1065 2548 fecit’
1088 2482 1139 2548 ita
1162 2480 1332 2565 disiunxit,
1360 2483 1400 2546 ut
1422 2479 1533 2563 libroS,

253 2608 337 2673 quos
372 2586 420 2653 de
444 2586 588 2669 Vergilio
611 2587 789 2673 scripserat
822 2587 888 2673 ille,
923 2588 1182 2672 συγγραμμάτων
1216 2587 1329 2670 generi
1363 2586 1534 2672 tribueret,

251 2693 349 2762 elteri
371 2693 483 2777 generi
503 2693 705 2759 adscriberet
721 2694 986 2778 commentarios
1011 2715 1095 2780 quos
1118 2693 1162 2761 in
1183 2697 1319 2781 poetam
1338 2692 1427 2760 idem
1442 2675 1533 2760 com·

253 2803 420 2889 posuerat.
467 2800 560 2882 Quae
594 2819 647 2866 res
681 2820 885 2886 quanquam,
920 2799 1029 2889 qualis
1064 2822 1154 2868 nunc
1185 2805 1238 2868 est
1271 2802 1532 2886 fragmentorum

253 2928 423 2991 numeruS,
449 2907 561 2990 magis
592 2907 782 2974 coniectura
812 2928 914 2995 quam
944 2908 1151 2992 argumentis
1173 2909 1259 2975 satis
1283 2908 1381 2976 certis
1404 2908 1532 2991 nititur,

253 3018 369 3081 tamen
391 3013 491 3081 ualde
522 3013 604 3078 mihi
634 3012 765 3100 arridet,
801 3035 910 3102 neque
940 3016 1000 3093 ita,
1036 3035 1123 3102 quac
1153 3015 1194 3082 de
1218 3016 1362 3084 Oomuto
1392 3013 1533 3081 coniecit

254 3122 330 3207 Leo,
348 3121 438 3187 omni
452 3119 521 3187 fide
537 3141 648 3188 carere
664 3120 745 3188 mihi
760 3121 925 3207 uidentur,
942 3126 983 3189 ut
996 3144 1065 3189 non
1077 3122 1223 3210 quadam
1234 3119 1534 3189 uerisimilitudinis

255 3228 365 3314 specie
382 3228 662 3295 commendentur.
689 3227 836 3296 Primum
852 3229 940 3296 enim
957 3230 1098 3299 Charisii
1112 3229 1306 3296 memoriam
1320 3251 1351 3316 p.
1360 3228 1485 3311 125,16
1494 3227 1533 3294 K.

255 3333 423 3402 diuersam
446 3354 521 3401 csse
537 3335 581 3401 ab
597 3334 762 3420 omnibus
779 3336 837 3421 qui
858 3335 900 3402 de
917 3337 1054 3404 Gomuti
1077 3336 1163 3403 curis
1179 3335 1379 3420 Vergilianis
1403 3337 1534 3416 extant,

255 3442 336 3510 locis
358 3461 457 3509 nemo
480 3461 549 3509 non
571 3441 736 3526 intellegit
756 3442 821 3509 hac
843 3441 884 3509 de
908 3464 1026 3509 causa:
1050 3441 1152 3530 quid?
1175 3441 1265 3530 quod
1280 3441 1343 3509 hoc
1366 3441 1437 3508 solo
1461 3441 1536 3508 loco

254 3549 457 3616 exhibentur
486 3549 600 3636 qualia
629 3570 698 3616 non
727 3550 918 3637 pertineant
941 3549 985 3617 ad
1008 3553 1136 3617 certum
1158 3549 1327 3637 quendam
1351 3549 1536 3616 carminum

254 3659 376 3744 poetae
405 3677 550 3740 uersum,
586 3677 673 3745 quae
702 3678 771 3724 non
801 3660 955 3744 spectent
984 3657 1027 3724 ad
1058 3659 1174 3724 textus
1204 3657 1432 3724 recensionem
1462 3655 1537 3722 siue

257 3763 463 3848 singularum
474 3784 595 3830 uocum
607 3763 842 3851 etymologiam
857 3764 913 3831 uel
929 3763 1186 3851 explicationem
1202 3764 1274 3830 siue
1287 3763 1535 3830 distinctionem

256 3870 434 3937 uerborum
456 3870 530 3936 siue
552 3870 797 3937 sententiarum
826 3870 1120 3958 interpretationes
1151 3871 1224 3936 siue
1255 3869 1323 3937 ulia
1353 3868 1388 3937 id
1418 3890 1537 3954 genua,

257 3977 378 4064 quibus
400 3978 436 4043 in
458 3978 558 4043 rebus
574 3980 752 4044 uersentur
766 3985 876 4044 cetera
889 3975 1105 4062 fragmenta?
1143 3975 1280 4060 Deinde,
1304 3975 1394 4065 quod
1409 3977 1536 4043 attinet

258 4083 302 4150 ad
327 4082 505 4173 Hyginum,
542 4081 669 4151 Gellius
704 4092 829 4150 certum
863 4083 1031 4171 quendam
1067 4084 1156 4151 illius
1193 4083 1343 4168 librumb
1382 4083 1538 4150 nominat

365 4280 384 4350 ¹l
403 4279 439 4336 ct.
458 4279 570 4352 Didymi
592 4279 679 4336 schol
696 4279 720 4336 B
735 4279 794 4336 111.
830 4278 927 4346 Lehrs,
948 4279 984 4335 de
1001 4280 1159 4336 Aristarchi
1187 4280 1263 4336 stud.
1288 4279 1369 4335 Hom.
1388 4296 1414 4351 p.
1433 4279 1466 4334 21
1477 4294 1537 4350 seq.

258 4368 401 4434 Ludwich‚
420 4369 504 4424 Arist.
524 4367 600 4424 hom.
619 4367 780 4424 Textkrit.l
797 4385 824 4440 p.
837 4368 958 4441 22seqq.

365 4458 385 4528 ¹)
404 4456 448 4513 ed.
466 4457 500 4512 H.
519 4456 596 4512 Diels
615 4460 645 4512 et
661 4457 706 4513 W.
725 4457 874 4524 Schubart
892 4457 988 4514 Berlin
1002 4457 1080 4514 1904.

366 4547 385 4617 q
406 4546 540 4614 quntum
557 4546 696 4615 librorum,
716 4563 787 4619 quos
805 4547 846 4602 oe
863 4527 1029 4618 Vergilio
1052 4547 1123 4604 rece
1140 4547 1274 4620 Hyginus,
1298 4546 1398 4603 nunt
1415 4547 1539 4602 maeror.

260 4637 372 4693 Saturn.
381 4635 419 4691 Vl
431 4635 488 4700 9,7.
