3458 5100
713 376 913 436 ...9.-

175 544 297 611 Suidae
321 565 420 610 usum
442 544 608 631 loquendi.
654 545 787 611 Etenim
809 566 852 611 ne
875 567 943 612 uno
967 545 1110 632 quidem,
1143 549 1307 633 quantum
1331 568 1455 632 cogno-

175 671 264 717 scere
280 651 366 733 licet,
382 645 455 718 loco
471 654 609 737 ἀναιρεῖν
624 651 697 718 siue
712 655 908 737 ἀναιρεῖσθαι
930 652 1095 719 uocabulo
1118 653 1189 719 uim
1202 653 1314 721 inesse
1338 655 1454 742 expel-

173 756 263 823 lendi
283 779 397 824 eruere
420 779 608 844 possumus
655 758 749 839 Quod
772 762 811 826 ut
835 760 919 825 satis
941 759 1165 845 intellegatur,
1197 761 1355 848 exscripsi
1385 783 1453 828 non

174 864 239 930 nisi
272 865 488 948 grauissimos
523 865 613 932 locos
648 867 775 932 ueritus
809 887 852 932 ne
886 867 975 932 iusto
1010 867 1151 933 ulterius
1180 866 1344 954 prolabar,
1378 890 1453 935 cum

174 971 368 1038 tritissimus
392 973 437 1040 sit
459 974 531 1039 eius
554 972 711 1039 uocabuli
733 994 816 1039 usus
840 972 930 1060 apud
953 973 1099 1040 Suidam.

281 1079 331 1144 En
353 1078 459 1145 habes
483 1079 652 1166 exempla:

281 1184 453 1251 Simillimo
477 1186 575 1253 modo
599 1189 701 1274 atque
718 1209 743 1252 s.
759 1208 791 1254 u.
806 1188 992 1271 Κορνοῦτος
1013 1187 1077 1257 hoc
1091 1188 1294 1255 uocabulum
1310 1189 1453 1257 exhibe-

174 1295 229 1357 tur
252 1313 328 1358 cum
350 1293 596 1379 praepositione
611 1295 694 1378 πρὸς
710 1294 924 1360 coniunctum
948 1316 972 1362 s
985 1317 1017 1361 u.
1033 1297 1214 1381 Δημήτριος
1237 1299 1454 1380 ὁΑντιγόνου;

175 1449 181 1463 .
205 1449 212 1464 .
236 1399 399 1483 ,Ὀφέλλα
423 1453 429 1466 .
454 1451 460 1464 .
486 1451 492 1464 .
515 1401 598 1485 πρὸς
616 1403 859 1483 Ἀγαθοκλέους
960 1404 1180 1487 ἀναιρεθέντος
1196 1405 1290 1488 θόλῳ.
1321 1402 1455 1470 Deinde

175 1505 355 1588 genuinam
388 1506 611 1573 interficiendi
645 1507 925 1590 significationem
959 1510 1125 1595 expressis
1160 1509 1271 1577 uerbis
1306 1511 1453 1598 explicat

176 1610 296 1679 Suidas
318 1613 371 1679 his
393 1613 523 1696 locis¹l:
547 1635 572 1680 S.
588 1637 619 1680 u.
635 1619 719 1700 αἱρεῖ
735 1653 780 1663 -
803 1618 979 1701 ἀναιρεθείς
1003 1656 1043 1664 -
1068 1619 1187 1683 ἀνεῖλεν
1209 1657 1253 1664 -
1274 1621 1456 1703 ἀνῃρῆσθαι

178 1758 219 1765 -
235 1722 389 1805 αὐθέντης
403 1759 448 1768 -
460 1724 647 1807 αὐτοσφαγῆ
670 1763 713 1773 -
733 1725 906 1808 αι’ντοφόνῳ
923 1763 965 1770 -
980 1727 1178 1790 κατακαίνειν
1193 1763 1226 1772 -
1252 1728 1457 1791 κατακαίνων

177 1864 219 1872 -
241 1829 411 1893 κατέκανεν
425 1866 470 1875 -
484 1831 654 1913 ὖττοφόνια.

280 1932 330 1999 De
354 1934 570 2002 substantiuo
594 1938 812 2021 ἀναίρεσις
835 1936 1026 2004 conferatur
1041 1935 1163 2004 Suidas
1186 1959 1211 2004 e.
1228 1959 1259 2004 u.
1280 1939 1457 2012 Θεοδόσιος

176 2045 215 2126 (p.
230 2040 322 2109 494³
342 2041 457 2124 Bekk.)
484 2081 528 2090 -
551 2043 690 2116 Πιλᾶτος
712 2083 757 2090 -
779 2047 952 2129 σενάτορες.

281 2147 443 2214 Exsilium
473 2166 553 2216 uero
584 2149 758 2216 uocabulis
789 2153 927 2217 notatur
957 2151 1063 2217 hisce:
1099 2154 1338 2226 ἐξελαύνειν
1363 2155 1397 2234 (e.
1422 2174 1456 2219 u,

171 2256 349 2338 Ἱππῶναξ)
364 2294 405 2302 ——
421 2259 605 2341 ἐξορίζειν
622 2259 658 2338 (s,
670 2277 701 2323 u.
714 2258 907 2341 Δομετιανός
921 2278 952 2343 p.
963 2256 1046 2324 307¹>
1070 2257 1184 2340 Bekk.)
1202 2296 1242 2305 -
1260 2261 1457 2343 φυγαδεύ-

175 2387 234 2427 ειν
269 2364 304 2443 (S.
320 2384 352 2428 u.
369 2362 592 2448 ’Θεμιστοκλῆς
629 2365 805 2448 στρατηγὸς
838 2366 1034 2449 Ἀθηναίων)
1068 2402 1113 2414 ·-
1155 2367 1327 2449 φεύγειν
1363 2368 1397 2447 (s,
1422 2388 1453 2432 u.

170 2470 359 2554 Ἀριστείδης
389 2472 408 2534 ὁ
430 2471 632 2555 Λυσιμάχου)
655 2509 700 2519 -
722 2474 832 2556 φυγή
858 2474 893 2553 (S.
909 2493 941 2537 u.
953 2473 1128 2556 Ἱεροκλῆς)
1148 2509 1194 2520 -
1209 2475 1345 2556 φυγάς
1370 2475 1405 2554 (S.
1422 2495 1458 2539 ur

167 2575 335 2660 'Epopoeb
358 2575 481 2659 Bekkl.

281 2682 455 2750 Accedunt
485 2705 526 2750 ea
558 2685 678 2768 quibus
709 2684 919 2768 significatur
949 2688 1041 2752 certa
1058 2685 1241 2772 'quaedam
1264 2686 1464 2774 expellendi¹

175 2789 272 2872 ratiO,
296 2790 392 2857 uelut
415 2793 678 2877 ὀστρακίζειν
702 2796 737 2876 (S.
753 2815 784 2858 U.
801 2795 884 2878 ἀρχὴ
908 2795 1043 2878 Σκυρία)
1068 2796 1103 2859 et
1134 2797 1459 2879 ἒξοστρακίζειν

177 2900 212 2977 (s.
232 2918 264 2964 u.
286 2898 403 2982 Κίμων
429 2901 607 2984 Ἀθηναῖος)
643 2902 745 2985 atque
779 2921 833 2984 ea,
870 2921 957 2986 quae
991 2899 1120 2986 poetico
1164 2901 1310 2987 quodam
1345 2900 1455 2968 colore

176 3007 339 3070 exornata
362 3003 517 3071 dicuntur
539 3027 564 3072 s.
581 3027 612 3072 ιι.
627 3008 742 3090 Ἀδάμε
777 3009 992 3082 ἒξεκύλισε
1021 3016 1076 3092 τῆς
1103 3011 1220 3080 οἰκείας
1243 3010 1398 3093 ίδρύσεώς
1419 3034 1455 3073 τε

176 3113 229 3175 καί
252 3114 392 3184 στάσεως
415 3115 454 3198 (p.
470 3110 538 3177 22¹³
560 3111 673 3196 Bekk.)
702 3115 738 3178 ot
760 3135 785 3178 ε.
808 3135 840 3180 11.
863 3115 1025 3186 Ἀκάκιοςε
1058 3164 1065 3179 .
1089 3166 1097 3180 .
1121 3164 1127 3179 .
1151 3117 1321 3199 έξορίαν
1352 3116 1454 3180 ἀίδιον

176 3222 349 3303 ἔχοντας
372 3269 378 3284 .
403 3270 440 3286 ..
477 3204 478 3207 ¹

283 3326 410 3408 Quibus
444 3326 655 3414 perlustratis
689 3328 756 3394 iarn
788 3329 872 3394 satis
911 3347 1090 3410 cognosces
1122 3327 1261 3394 Suidam
1298 3349 1333 3395 re
1371 3350 1458 3395 uera

177 3430 359 3498 Cornutum
382 3455 404 3500 a
425 3433 556 3501 Nerone
580 3437 738 3501 necatum
759 3434 978 3519 intellexisse3
1009 3455 1072 3502 nos
1100 3438 1215 3502 autem
1238 3457 1314 3502 cum
1337 3435 1457 3518 Dione,

175 3538 388 3627 Hieronymo,
412 3540 537 3608 Ioanne
553 3541 763 3609 Antiocheno
780 3542 957 3628 expulsum
980 3563 1054 3608 esse
1070 3540 1305 3629 philosophum
1328 3541 1455 3608 statui·

176 3668 259 3712 mus.
305 3647 355 3713 De
378 3649 526 3734 ternpore
543 3669 622 3715 uero
647 3651 749 3735 atque
774 3670 877 3715 causa
900 3648 1007 3716 exsilii
1029 3649 1224 3736 priusquam
1248 3648 1454 3715 disseramus

177 3752 244 3820 alia
267 3756 348 3820 sunt
370 3755 585 3822 absoluenda

284 3863 396 3948 Atque
433 3863 575 3948 primum
621 3861 754 3950 quidem
792 3862 832 3930 de
871 3865 1017 3950 patria
1056 3862 1238 3930 Cornuti
1276 3862 1454 3950 disputem.

176 3968 330 4054 Leptiten
353 3971 505 4037 nominat
527 3969 762 4057 philosophum
777 3970 908 4055 SuidaS,
932 3969 1068 4058 proinde
1092 3992 1132 4037 ac
1147 3969 1277 4057 Leptim
1298 3971 1452 4056 patriam,

177 4074 319 4141 eundem
342 4097 424 4142 sane
441 4081 577 4144 secutus
601 4080 782 4161 auctorem,
807 4081 1045 4145 commemorat
1060 4076 1252 4164 Stephanus
1268 4076 1455 4164 Byzantius

178 4204 201 4248 e.
225 4201 258 4248 u:
283 4185 403 4268 Τέργιςτ
434 4186 537 4257 οὕτως
558 4186 613 4250 καὶ
636 4187 847 4269 ὁφιλόσοφος
870 4186 1054 4270 Κορνοῦτος
1081 4186 1268 4269 ἐχρημάτιζε
1291 4183 1452 4269 Λετττίτης.

178 4289 272 4370 Quod
294 4288 392 4356 facile
416 4289 571 4376 explicari
593 4294 716 4378 potest,
745 4313 821 4358 oum
844 4291 997 4377 eundem,
1028 4312 1128 4377 quem
1150 4289 1271 4356 Suidas
1294 4290 1454 4378 Hesychii

286 4468 304 4537 ι)
322 4468 409 4524 Omisi
427 4468 504 4524 Suid.
523 4486 545 4526 s.
558 4486 585 4524 u.
599 4467 738 4542 ἀνῄρηκενε
758 4469 818 4522 ἀντὶ
834 4474 882 4522 τοῦ
894 4464 1012 4522 ἐκποδὼν
1030 4465 1172 4535 ἐποιήσατο
1190 4468 1370 4535 Δημοσθένην,
1385 4483 1449 4522 cum

176 4558 240 4612 inde
258 4557 327 4613 nihil
345 4575 395 4627 pro
423 4575 453 4613 re
479 4561 530 4613 aut
552 4561 652 4613 contra
676 4574 734 4613 rem
759 4560 905 4614 lucremur.
943 4556 1094 4628 Significat
1111 4558 1168 4612 hoc
1186 4555 1358 4613 uocabulum
1376 4555 1453 4626 apud

176 4646 322 4702 Demosth.
335 4646 434 4701 xixa
459 4647 494 4718 lp.
512 4646 625 4717 mlle)
652 4647 725 4702 idem
754 4651 841 4718 atque
871 4647 967 4716 ἄτιμον
993 4644 1122 4713 ἐποίησεν.
1159 4646 1196 4702 ci.
1214 4646 1304 4702 schol.
1317 4645 1381 4700 VIII
1399 4643 1456 4698 338
1574 4703 1575 4708 ρ

176 4736 258 4793 llind.
278 4740 307 4792 et
325 4735 422 4792 Liban.
442 4736 593 4810 hypothes.
611 4751 638 4808 p.
651 4735 712 4802 334,
722 4735 748 4792 4.
