3458 5100
773 293 995 360 -38,

243 473 460 557 ambigebant
483 472 546 538 uiri
569 470 666 555 docti,
689 474 804 538 utrum
826 471 982 560 Berytius
1013 493 1058 538 an
1089 472 1174 539 ariter
1206 471 1355 540 eiusdem
1378 475 1524 540 nominis

243 579 480 667 grammaticus
503 580 666 646 recentior
695 577 941 662 intellegendus
965 579 1017 646 sit.
1063 578 1191 645 Deinde
1221 579 1378 646 uocabuli
1406 579 1523 666 ipsius,

244 687 284 754 de
316 707 381 774 quo
413 687 533 770 agitur,
565 686 729 772 scriptura
759 684 986 752 dubitationes
1017 685 1187 753 attulerat.
1239 687 1278 752 In
1307 689 1377 753 tres
1408 689 1524 754 autem

243 798 356 882 partes
379 793 539 880 imprimis
563 791 747 875 discedunt,
779 813 865 878 quae
895 794 1066 880 proposita
1096 796 1176 859 sunt
1207 815 1229 860 a
1258 794 1338 860 uiris
1369 791 1525 879 doctis31)

245 921 383 988 quorum
416 899 473 966 alii
504 900 702 986 scripturam
740 899 925 965 tuebantur
953 899 1046 966 uocis
1077 900 1245 987 Herenni)
1268 899 1325 966 alii
1356 901 1525 985 Orcbus38)

245 1009 365 1074 tertius
389 1006 493 1094 Steup
512 1005 574 1074 10.
597 1028 628 1093 p.
644 1007 687 1072 82
710 1005 761 1072 ita
783 1005 927 1092 scripsit:
950 1005 1090 1073 ‘Probus
1115 1008 1217 1075 Orcus
1239 1007 1330 1090 legit,
1355 1005 1522 1074 Cornutus

239 1123 333 1203 putot
358 1114 596 1201 aspirationem
620 1111 830 1180 addendam’.
1469 1123 1470 1126 ’

353 1238 427 1319 Qua
449 1239 485 1304 in
507 1258 542 1304 re
566 1235 773 1324 expedienda
788 1236 947 1323 quoniam
966 1237 1060 1304 nulla
1074 1237 1144 1305 iere
1163 1231 1264 1304 tribui
1279 1240 1392 1326 potest
1408 1240 1527 1304 auoto-

245 1347 329 1412 ritas
361 1345 529 1412 codicibus
558 1364 668 1431 neque
704 1344 787 1410 satis
818 1346 931 1410 utrum
962 1348 1089 1439 Horas
1120 1366 1164 1411 an
1197 1347 1298 1415 crae
1328 1365 1373 1411 an
1405 1345 1530 1414 0001100

247 1469 327 1519 uere
359 1452 522 1519 scribatur
546 1451 764 1535 cognoscitur,
796 1450 938 1536 primum
964 1453 1111 1518 uirorum
1134 1450 1306 1518 doctorum
1328 1449 1527 1518 tractandae

248 1562 346 1627 erunt
369 1559 587 1625 coniecturae.
633 1556 793 1643 Incipiam
817 1579 838 1624 a
861 1557 990 1644 Steupii
1022 1558 1225 1640 coniectura,
1250 1580 1352 1645 quam
1374 1563 1414 1626 ut
1437 1578 1528 1624 com-

247 1667 383 1754 probem
407 1666 556 1731 animum
578 1662 734 1730 inducere
757 1683 825 1729 non
848 1685 993 1751 possum.
1031 1663 1148 1751 Neque
1172 1666 1261 1731 enim
1284 1663 1372 1752 quod
1396 1664 1437 1731 de
1456 1667 1533 1734 Orci

247 1774 341 1841 uocis
373 1774 536 1857 scriptura
566 1770 751 1838 secundum
781 1769 901 1838 codicis
928 1772 1031 1839 iidem
1054 1775 1138 1839 satis
1162 1773 1355 1856 ambiguam
1377 1773 1530 1838 statuere

248 1881 335 1964 licet,
368 1879 456 1946 idem
486 1879 598 1944 ualere
630 1878 670 1944 de
700 1885 788 1947 aaut
819 1878 984 1947 uocabulo
1019 1880 1169 1964 arbitror,
1201 1881 1240 1945 ut
1261 1879 1297 1945 in
1317 1885 1413 1958 putot
1435 1877 1528 1944 nullo

250 1987 385 2072 negotio
416 1985 539 2052 mutari
569 1986 684 2072 possit.
729 1984 858 2051 Deinde
889 1987 1083 2073 imperfecta
1114 1989 1205 2053 esset
1228 1985 1397 2053 sententia
1418 2005 1530 2071 neque

250 2095 335 2161 satis
364 2093 516 2178 dilucida,
549 2093 677 2159 sicum
701 2090 837 2179 Steupio
862 2092 1123 2180 adspirationem
1147 2092 1335 2160 addendam
1358 2092 1530 2159 censuisse

252 2202 435 2268 Cornutum
462 2199 656 2283 legeremus,
691 2200 770 2285 quia
803 2202 914 2266 utram
953 2199 1214 2288 adspirationem
1249 2198 1534 2267 commendauerit

250 2308 316 2389 1110,
340 2309 485 2376 Horonon
508 2327 553 2372 an
570 2307 718 2391 Oretum,
741 2305 864 2373 exilia
886 2305 1029 2373 lectione
1045 2306 1180 2374 minime
1197 2308 1380 2394 appareret.
1414 2305 1532 2391 Neque

252 2435 331 2482 uero
363 2414 519 2481 abhorret
549 2412 730 2500 adspiratio
763 2415 887 2496 omissa
918 2435 939 2480 a
969 2412 1107 2480 Cornuti
1136 2413 1261 2481 aetatis
1285 2412 1405 2480 studiis
1429 2414 1531 2499 atque

253 2519 417 2588 scribendi
430 2519 681 2586 consuetudine.
704 2520 856 2606 Namque
871 2522 1008 2588 Orchzun
1024 2523 1185 2604 ueteres⁴)
1202 2521 1373 2607 scripsisse
1385 2521 1535 2586 testatur

254 2624 458 2724 Serui-used
480 2626 562 2691 Aen.
586 2625 632 2691 VI
646 2626 684 2691 4:
708 2630 726 2690 ‘.
744 2678 750 2690 .
767 2678 774 2692 .
791 2630 908 2693 contra
930 2628 1003 2695 thus
1026 2631 1061 2694 et
1084 2629 1196 2696 orchus
1218 2630 1350 2695 ueteres
1374 2625 1532 2693 dicebant

254 2738 289 2801 et
311 2732 477 2818 10001011
494 2735 547 2798 est
561 2752 676 2816 uorarr,
699 2733 820 2819 quibus
837 2754 981 2820 sequens
998 2737 1094 2800 aetas
1113 2734 1261 2801 detraxit
1276 2733 1534 2825 aspirationem'.

253 2840 345 2908 Idem
368 2839 519 2906 similiter
542 2838 586 2905 ad
609 2859 716 2923 georg.
732 2839 901 2924 nimam)
920 2843 943 2906 ‘.
959 2891 966 2906 .
983 2891 989 2906 .
1005 2841 1072 2907 tria
1094 2841 1183 2906 enim
1205 2844 1341 2908 tantum
1363 2839 1538 2906 habebant

255 2970 299 3016 sc.
330 2947 482 3030 maiores)
514 2947 664 3031 nomina,
696 2947 731 3012 in
763 2947 883 3032 quibus
914 2971 931 3014 c
960 2946 1107 3014 litteram
1138 2951 1333 3034 sequeretur
1364 2947 1534 3033 aspiratio,

254 3055 464 3142 sepolchrum,
489 3054 618 3136 0001000,
636 3054 777 3140 pulcher,
802 3075 820 3120 e
843 3053 964 3140 quibus
982 3055 1115 3138 pulcher
1138 3057 1273 3122 tantum
1295 3053 1393 3122 hodie
1415 3053 1533 3139 recipit

256 3160 511 3247 aspirationem’.
557 3159 620 3240 Qui
649 3160 775 3227 fuerint
805 3163 937 3228 ueteres
966 3162 1038 3228 siue
1061 3163 1204 3228 maiores
1226 3160 1283 3244 illi,
1306 3165 1397 3228 recte
1421 3158 1535 3227 docuit

256 3268 309 3335 W.
332 3267 529 3351 Brambach,
553 3266 824 3352 Neugestaitung
855 3268 884 3335 d.
907 3268 965 3334 lat
989 3268 1230 3355 Orthographie
1255 3251 1404 3354 (Leipzig
1437 3265 1534 3347 18681

257 3399 286 3464 p.
303 3375 379 3460 288,
404 3375 461 3461 qui
483 3372 527 3440 ad
551 3372 715 3441 Ciceronis
738 3377 890 3462 tempora
912 3375 1043 3442 rettulit
1065 3375 1153 3441 hanc
1175 3372 1340 3441 scribendi
1361 3374 1537 3440 rationem.

255 3483 368 3550 Cicero
392 3482 507 3547 autem
529 3481 600 3567 ipse
624 3481 732 3568 qualis
752 3481 853 3548 fuerit
867 3483 949 3548 tuno
963 3482 1122 3569 temporis
1139 3480 1297 3568 loquendi
1318 3501 1401 3547 usus
1422 3487 1540 3546 narrat

257 3591 292 3655 in
317 3591 447 3655 oratore
469 3586 618 3670 4816οε
636 3588 732 3674 ‘quin
756 3609 816 3672 ego
840 3588 912 3675 ipse
936 3608 1011 3654 cum
1035 3588 1152 3655 scirem
1174 3588 1225 3654 ita
1246 3587 1390 3655 maiores
1408 3586 1539 3654 locutos

259 3717 344 3778 esse,
375 3696 415 3760 ut
444 3714 618 3780 nunquam
648 3694 713 3759 nisi
744 3695 780 3759 in
810 3691 925 3761 uocali
942 3694 1146 3781 aspiratione
1169 3697 1354 3778 uterentur,
1377 3692 1548 3780 loquebar·

367 3942 386 4012 1)
405 3941 589 3998 Coniecturae
606 3942 730 3997 uirorum
748 3943 896 3998 doctorum
913 3943 1092 4014 protulerunt
1108 3943 1243 4009 Ribbeck,
1262 3944 1388 4015 prolegg.
1397 3958 1425 4014 p.
1440 3941 1491 3997 lae
1510 3944 1542 3996 et

260 4033 359 4102 Hagen
377 4031 406 4086 in
425 4031 522 4087 adnot.
541 4032 578 4086 ad
596 4030 686 4088 schol.
704 4032 788 4088 Bern.
807 4047 903 4103 georg.
915 4033 928 4086 1
940 4031 993 4088 277
1011 4049 1039 4104 p.
1051 4032 1113 4087 888.

369 4121 388 4190 ¹)
407 4120 535 4176 Ribbeck
553 4120 571 4175 1.
584 4137 606 4175 0.
625 4137 652 4192 p.
667 4120 727 4176 139.

368 4209 388 4278 ⁸)
408 4209 497 4264 Seruii
515 4209 607 4264 editor
619 4209 688 4264 1111
707 4227 735 4282 p.
749 4209 800 4265 195
819 4210 888 4266 edit.
907 4210 982 4282 lips.

368 4297 388 4367 ⁴)
408 4297 444 4354 ci.
472 4298 576 4353 Marius
595 4298 756 4355 Victorinus
775 4299 823 4356 GL
840 4299 879 4355 VI
897 4299 941 4365 21,
951 4298 988 4355 20
1000 4299 1047 4355 K.:
1066 4297 1160 4356 ‘uideo
1187 4316 1239 4356 uos
1267 4315 1353 4371 saepe
1380 4300 1410 4354 et
1433 4313 1494 4355 oreo
1513 4299 1543 4352 et

267 4387 386 4444 Vulcano
405 4387 424 4440 h
443 4387 568 4443 litteram
585 4387 750 4460 relinquere,
770 4391 800 4444 et
818 4389 903 4444 credo
922 4404 973 4444 uos
992 4388 1255 4461 antiquitatem
1273 4385 1372 4460 sequi!

370 4474 390 4545 ⁵)
410 4476 454 4531 Ad
473 4476 549 4531 hunc
567 4493 681 4532 uersum
699 4476 807 4547 legitur·
819 4477 992 4550 adscriptum
1010 4477 1161 4535 inachedis
1173 4477 1364 4533 Bemensibus
1376 4475 1475 4549 (pam
1483 4475 1544 4544 Hi:

263 4564 311 4620 ‘111
329 4567 443 4620 tantum
460 4565 575 4620 nomina
598 4566 628 4620 in
651 4567 753 4639 quibus
771 4584 787 4622 0
804 4567 929 4623 litteram
947 4568 1074 4639 sequitur
1092 4566 1121 4632 h,
1139 4567 1168 4623 id
1186 4569 1231 4622 est
1247 4566 1422 4638 0001010000,
1441 4565 1546 4631 orem

260 4654 378 4726 anter,
398 4670 414 4708 e
433 4653 533 4724 quibus
551 4653 636 4709 hodie
649 4655 760 4726 pulcher
778 4659 892 4712 tantum
909 4655 1034 4729 recepit?
