3458 5100
719 309 941 374 „41-

190 485 291 552 Cuius
315 486 506 553 sententiae
529 488 750 554 innotuerunt
773 508 816 554 ex
837 486 1029 574 interpretis
1052 486 1255 554 Veronensis
1279 488 1470 556 adnotatio-

188 593 288 660 nibus
323 592 420 660 editis
453 597 533 680 post
565 594 605 660 H.
635 593 780 660 Keilium
788 596 811 676 1)
847 598 882 660 et
916 594 954 660 A.
985 593 1263 676 Herrmannum¹l
1298 595 1333 661 in
1365 593 1472 662 Seruii

188 699 358 788 uolumine
381 699 425 765 III
441 701 462 764 2
484 721 515 786 p.
531 701 597 767 393
606 721 694 787 seqq.
729 702 843 787 Atque
858 701 1001 788 primum
1016 700 1151 788 quidem
1165 701 1273 788 Asper
1287 701 1471 786 Verm'lium

189 804 337 873 defendit
347 809 463 874 contra
471 806 663 891 Cornutum,
681 810 738 893 qui
753 806 922 874 ‘indecore
937 806 1294 875 infelicem'Vlixem
1305 809 1470 875 nominari

188 913 231 979 ab
254 913 372 979 Aenea
393 912 492 979 hoste
514 915 549 979 in
573 937 604 980 u.
627 914 709 981 Aen.
732 913 855 981 111691
881 913 1168 999 ‘Achaemenides
1194 935 1305 982 comes
1327 913 1470 982 infelicis

187 1017 294 1086 Vlixi’
319 1018 547 1086 affirmauerat
577 1019 663 1102 (uide
686 1019 776 1086 inira
798 1043 828 1107 p.
849 1021 912 1104 80).
958 1023 1108 1108 Apparet
1140 1023 1254 1087 autem
1285 1043 1328 1088 ex
1351 1022 1469 1088 scholi·

187 1128 284 1192 astae
307 1126 429 1208 uerbis,
459 1129 494 1193 et
516 1126 698 1194 Cornutum
722 1131 757 1193 et
780 1127 926 1214 Asprum
948 1127 1127 1194 ‘infelicis’
1152 1149 1269 1195 uocem
1291 1129 1342 1194 ita
1364 1129 1468 1214 expli-

188 1253 291 1314 casse,
315 1236 355 1299 ut
378 1233 564 1317 cogitarent
587 1232 627 1300 de
643 1233 741 1300 Vlixe
764 1235 906 1301 miseriis
930 1237 1032 1322 atque
1056 1234 1226 1301 laboribus
1249 1239 1389 1319 uexato,
1413 1235 1470 1302 alii

187 1340 276 1405 enim
307 1339 510 1407 ‘infelicem'
540 1339 780 1408 intellexerant
802 1340 935 1408 Vlixem
968 1346 1134 1428 tanquam
1168 1342 1330 1409 malorum
1366 1346 1468 1429 atque

184 1467 311 1532 prauae
342 1447 424 1513 artis
455 1450 625 1514 auctorem
656 1449 802 1515 testibus
833 1449 949 1515 Seruio
981 1453 1016 1515 et
1039 1448 1157 1514 Seruio
1188 1455 1287 1515 aucto
1319 1449 1362 1514 ad
1384 1451 1467 1516 Aen.

185 1553 316 1619 111613
355 1553 580 1621 ‘INFELIGIS
602 1553 721 1620 VLIXI
759 1555 918 1643 quoniam
956 1554 1046 1642 apud
1079 1555 1197 1622 hostes
1231 1555 1377 1642 loquitur
1413 1561 1468 1639 (sc.

185 1660 470 1744 Achaemenides),
495 1661 626 1747 quaerit
648 1662 799 1728 fauorem
823 1664 894 1730 eius
914 1662 1173 1750 uituperatione,
1197 1683 1296 1750 quem
1313 1663 1377 1731 scit
1392 1661 1467 1730 odio

186 1789 260 1834 esse
295 1767 474 1835 Troianis’.
536 1768 643 1835 Simili
684 1769 782 1836 modo
820 1771 902 1836 Aen.
934 1769 1066 1836 111246
1105 1769 1281 1858 harpyiam
1317 1769 1467 1836 futuram

184 1874 355 1940 fortunam
367 1875 504 1942 Aeneae
521 1878 555 1941 et
571 1876 735 1942 sociorum
752 1876 858 1942 diram
874 1874 1130 1943 denuntiantem
1143 1876 1325 1945 ‘infelicem
1340 1880 1466 1944 uatem'

184 1981 338 2046 nominat
366 1984 476 2068 poeta,
508 1982 664 2048 nuntiam
691 1983 826 2049 minime
858 1984 1052 2050 calamitate
1075 1983 1240 2050 adflictam
1264 1984 1466 2068 significans.

184 2087 331 2153 Priorem
355 2091 470 2154 autam
498 2091 600 2175 atque
627 2089 748 2156 falsam
772 2090 1084 2177 interpretationem
1107 2112 1214 2178 aeque
1238 2112 1278 2158 ac
1301 2091 1467 2158 Cornutus

185 2193 358 2280 amplexus
382 2195 489 2281 Asper
519 2194 720 2286 ‘pathetice
750 2198 808 2279 (sic
830 2197 959 2282 Angelo
983 2197 1066 2264 Mai:
1096 2201 1217 2283 poetice
1247 2199 1330 2282 Keil,
1364 2198 1466 2264 Herr-

183 2322 296 2382 mann,
320 2300 449 2385 Hagen)
474 2304 509 2368 et
531 2303 719 2387 magnifice,
744 2304 902 2391 quoniam
926 2303 1043 2371 eadem
1067 2304 1231 2370 erroribus
1256 2307 1292 2371 et
1313 2305 1466 2391 periculis

183 2409 375 2494 patiebatur
397 2410 549 2476 Aeneas’
573 2413 709 2496 poetam
733 2409 856 2478 dixisse
880 2409 1041 2496 affirmat3
1066 2412 1104 2477 cf.
1129 2411 1228 2478 schol.
1245 2411 1320 2479 Ver.
1344 2409 1465 2477 adhe.

182 2513 309 2581 Deinde
333 2519 467 2603 propter
481 2516 566 2584 haec
586 2516 789 2584 scholiastae
812 2519 917 2584 uerba
931 2519 1040 2604 Aspro
1057 2521 1157 2585 erunt
1171 2517 1359 2602 tribuenda,
1377 2539 1464 2604 quae

181 2620 338 2706 leguntur
372 2622 461 2708 apud
492 2622 646 2690 Seruium
681 2626 819 2690 auctum
853 2624 897 2690 ad
927 2627 1010 2691 Aen.
1038 2625 1082 2690 HI
1102 2624 1165 2692 691
1199 2629 1295 2691 ‘nam
1330 2626 1465 2693 Aeneas

182 2729 429 2813 incongrue³l
460 2729 625 2798 infelicem
648 2730 770 2797 Vlixen
801 2731 897 2815 dieit;
930 2731 996 2798 nisi
1025 2733 1111 2798 torte
1142 2732 1239 2818 quasi
1260 2733 1336 2820 pius
1360 2733 1465 2800 etiam

182 2834 290 2901 hostis
321 2836 505 2919 miseretur,
550 2859 625 2904 cum
665 2839 789 2904 similes
821 2859 947 2906 errores
978 2839 1113 2930 etipse
1144 2838 1253 2925 patiat
1254 2843 1321 2905 ur’.
1367 2839 1465 2907 Vnde

184 2941 334 3029 sequitur
295 2945 395 3008 urut
418 2943 461 3010 ad
484 2942 668 3010 Oomutum
690 2946 873 3012 referamus
897 2946 1036 3012 uerba
1042 2966 1190 3014 nam—
1213 2944 1320 3013 dicit'.

290 3065 472 3146 Quaerenti
502 3071 617 3133 autem
647 3089 729 3134 num
750 3070 787 3135 in
810 3069 917 3136 altera
939 3091 1027 3155 quae
1051 3072 1147 3136 extat
1168 3069 1257 3136 inter
1279 3070 1464 3138 Gomutum

184 3173 385 3259 etAsprum
408 3173 615 3241 dissensione
637 3174 856 3261 praeferenda
887 3176 933 3242 sit
954 3177 1053 3261 Aspri
1076 3176 1253 3262 sententia,
1278 3198 1365 3263 quae
1389 3199 1463 3265 per-

182 3278 270 3345 tinet
293 3280 336 3347 ad
359 3280 442 3347 Aen.
465 3281 510 3348 IV
535 3282 601 3350 178
624 3302 714 3368 seqq.

227 3387 329 3452 ‘illam
354 3391 407 3469 (sc.
424 3389 573 3472 Famam)
597 3388 699 3455 Terra
721 3410 853 3474 parone,
878 3391 927 3457 ira
949 3391 1088 3456 inritata
1111 3389 1249 3457 deorum

238 3496 431 3575 extremam,
455 3498 495 3560 ut
516 3495 701 3581 perhibent,
717 3495 802 3563 (loeo
825 3495 1059 3582 Enceladoque
1083 3518 1230 3565 sororem

237 3602 425 3685 progenuit’

182 3705 229 3771 nil
263 3727 398 3793 prorsus
433 3709 513 3774 certi
548 3709 655 3776 habeo
691 3709 779 3796 quod
813 3709 1040 3797 respondeam.
1093 3713 1270 3796 Attamen,
1306 3712 1461 3798 quamuis

183 3870 395 3882 —-—-..-

182 3956 296 4011 saeculo
315 3956 429 4012 exeunti
446 3959 568 4030 Asprum
586 3958 743 4031 adscripsit,
763 3960 810 4032 qui
828 3959 988 4031 nuperrime
1005 3960 1061 4015 hac
1080 3960 1115 4015 de
1132 3977 1163 4015 re
1181 3960 1247 4030 egit,
1269 3959 1301 4015 P.
1319 3959 1462 4026 Wessner,

181 4044 316 4100 Aemilius
339 4046 438 4117 Asper.
474 4046 661 4123 1111Βοί1113
680 4065 730 4104 zur
747 4049 908 4104 romischen
926 4048 1234 4120 Literaturgeschichte
1261 4048 1365 4120 (Progr.
1381 4048 1462 4105 Halis

182 4132 261 4204 1905)
278 4150 306 4204 p
319 4135 420 4206 ssseqq
433 4135 477 4190 43.

289 4223 308 4293 ¹)
326 4224 359 4280 H.
373 4224 444 4291 Keil,
463 4224 500 4280 M.
509 4188 614 4280 Valerii
626 4224 731 4282 Probi'
723 4226 870 4297 rnVirgilii
882 4227 1016 4282 Bucohm
1035 4231 1065 4282 et
1077 4226 1216 4297 Georgica
1234 4227 1461 4284 commentarius.

181 4311 321 4367 accedunt
338 4312 510 4368 scholiorum
527 4315 732 4370 veronensium
751 4316 787 4388 (p.
800 4316 870 4370 71-
836 4315 933 4387 -108)
961 4318 991 4370 et
1008 4316 1092 4388 Aspri
1110 4315 1309 4427 quaestionum
1327 4315 1461 4386 Vergilia·

180 4416 280 4456 narum
297 4401 458 4471 fragmenta
476 4401 562 4472 (Helie
581 4403 669 4473 1848).

288 4489 359 4560 “)Α.
378 4491 541 4557 Heumann,
567 4491 612 4546 die
629 4491 786 4548 Veroneser
802 4492 1025 4563 Vergilscholien
1050 4493 1154 4564 (Progr.
1173 4493 1461 4564 Donaueschingenl

182 4577 289 4650 laesis.
307 4579 333 4633 Il
348 4578 482 4650 resolvo).

288 4667 307 4736 1)
326 4667 677 4736 cl.Gellius116,2:‘nec
695 4672 796 4726 tantae
808 4669 954 4727 atrocitati
968 4669 1196 4744 congruere’3
1215 4671 1281 4728 uide
1291 4671 1367 4728 infra
1378 4672 1460 4744 p.44.
