<?xml version="1.0" encoding="UTF-8"?>
<!DOCTYPE html PUBLIC "-//W3C//DTD XHTML 1.0 Transitional//EN"
    "http://www.w3.org/TR/xhtml1/DTD/xhtml1-transitional.dtd">
<html xmlns="http://www.w3.org/1999/xhtml" xml:lang="en" lang="en">
 <head>
  <title>
</title>
<meta http-equiv="Content-Type" content="text/html;charset=utf-8" />
  <meta name='ocr-system' content='tesseract 3.04.00' />
  <meta name='ocr-capabilities' content='ocr_page ocr_carea ocr_par ocr_line ocrx_word'/>
</head>
<body>
  <div class='ocr_page' id='page_1' title='image "./delannaeocornut00reppgoog_0066.png"; bbox 0 0 3458 5100; ppageno 0'>
   <div class='ocr_carea' id='block_1_1' title="bbox 723 319 941 384">
    <p class='ocr_par' dir='ltr' id='par_1_1' title="bbox 723 319 941 384">
     <span class='ocr_line' id='line_1_1' title="bbox 723 319 941 384; baseline -0.005 -19"><span class='ocrx_word' id='word_1_1' title='bbox 723 319 941 384; x_wconf 74' lang='grc'><strong>-57-</strong></span> 
     </span>
    </p>
   </div>
   <div class='ocr_carea' id='block_1_2' title="bbox 155 493 1540 4748">
    <p class='ocr_par' dir='ltr' id='par_1_2' title="bbox 190 493 1474 3040">
     <span class='ocr_line' id='line_1_2' title="bbox 191 493 1469 582; baseline -0.002 -19"><span class='ocrx_word' id='word_1_2' title='bbox 191 500 354 582; x_wconf 88' lang='lat' dir='ltr'>corrupta.</span> <span class='ocrx_word' id='word_1_3' title='bbox 394 497 443 562; x_wconf 89' lang='lat' dir='ltr'>De</span> <span class='ocrx_word' id='word_1_4' title='bbox 466 495 613 578; x_wconf 85' lang='lat' dir='ltr'>genuina</span> <span class='ocrx_word' id='word_1_5' title='bbox 636 497 743 564; x_wconf 76' lang='lat' dir='ltr'>ccuer&#39;e</span> <span class='ocrx_word' id='word_1_6' title='bbox 763 497 896 581; x_wconf 79' lang='lat' dir='ltr'>foroque</span> <span class='ocrx_word' id='word_1_7' title='bbox 920 495 1082 581; x_wconf 87' lang='lat' dir='ltr'>scriptura</span> <span class='ocrx_word' id='word_1_8' title='bbox 1105 493 1226 561; x_wconf 92' lang='lat' dir='ltr'>dubius</span> <span class='ocrx_word' id='word_1_9' title='bbox 1249 514 1318 560; x_wconf 90' lang='lat' dir='ltr'>non</span> <span class='ocrx_word' id='word_1_10' title='bbox 1337 493 1469 576; x_wconf 77' lang='lat' dir='ltr'>haereo,</span> 
     </span>
     <span class='ocr_line' id='line_1_3' title="bbox 192 600 1470 688; baseline 0 -20"><span class='ocrx_word' id='word_1_11' title='bbox 192 604 349 688; x_wconf 87' lang='lat' dir='ltr'>quoniam</span> <span class='ocrx_word' id='word_1_12' title='bbox 373 601 608 686; x_wconf 79' lang='lat' dir='ltr'>Quintilianus,</span> <span class='ocrx_word' id='word_1_13' title='bbox 632 601 692 668; x_wconf 93' lang='lat' dir='ltr'>ubi</span> <span class='ocrx_word' id='word_1_14' title='bbox 714 602 786 686; x_wconf 85' lang='lat' dir='ltr'>agit</span> <span class='ocrx_word' id='word_1_15' title='bbox 809 601 849 668; x_wconf 92' lang='lat' dir='ltr'>de</span> <span class='ocrx_word' id='word_1_16' title='bbox 880 601 1115 668; x_wconf 88' lang='lat' dir='ltr'>controuersiis</span> <span class='ocrx_word' id='word_1_17' title='bbox 1140 600 1305 685; x_wconf 82' lang='lat' dir='ltr'>figuratis,</span> <span class='ocrx_word' id='word_1_18' title='bbox 1335 600 1470 688; x_wconf 86' lang='lat' dir='ltr'>saepius</span> 
     </span>
     <span class='ocr_line' id='line_1_4' title="bbox 192 706 1469 795; baseline 0 -21"><span class='ocrx_word' id='word_1_19' title='bbox 192 709 235 775; x_wconf 89' lang='lat' dir='ltr'>ad</span> <span class='ocrx_word' id='word_1_20' title='bbox 258 729 327 775; x_wconf 89' lang='lat' dir='ltr'>rem</span> <span class='ocrx_word' id='word_1_21' title='bbox 349 708 537 776; x_wconf 87' lang='lat' dir='ltr'>iudicialem</span> <span class='ocrx_word' id='word_1_22' title='bbox 560 708 695 795; x_wconf 78' lang='lat' dir='ltr'><strong>respicit</strong></span> <span class='ocrx_word' id='word_1_23' title='bbox 717 711 819 795; x_wconf 90' lang='lat' dir='ltr'>atque</span> <span class='ocrx_word' id='word_1_24' title='bbox 842 708 939 774; x_wconf 89' lang='lat' dir='ltr'>uaria</span> <span class='ocrx_word' id='word_1_25' title='bbox 962 727 1140 774; x_wconf 85' lang='lat' dir='ltr'>causarum</span> <span class='ocrx_word' id='word_1_26' title='bbox 1163 706 1316 793; x_wconf 85' lang='lat' dir='ltr'>exempla</span> <span class='ocrx_word' id='word_1_27' title='bbox 1338 708 1469 794; x_wconf 85' lang='lat' dir='ltr'>profert.</span> 
     </span>
     <span class='ocr_line' id='line_1_5' title="bbox 190 812 1471 902; baseline 0 -21"><span class='ocrx_word' id='word_1_28' title='bbox 190 814 307 902; x_wconf 87' lang='lat' dir='ltr'>Neque</span> <span class='ocrx_word' id='word_1_29' title='bbox 329 815 471 881; x_wconf 78' lang='lat' dir='ltr'>Fabium</span> <span class='ocrx_word' id='word_1_30' title='bbox 494 815 537 882; x_wconf 83' lang='lat' dir='ltr'>ud</span> <span class='ocrx_word' id='word_1_31' title='bbox 561 815 698 882; x_wconf 79' lang='lat' dir='ltr'>cornuu</span> <span class='ocrx_word' id='word_1_32' title='bbox 722 815 908 882; x_wconf 78' lang='lat' dir='ltr'>doctrinam</span> <span class='ocrx_word' id='word_1_33' title='bbox 929 812 1144 881; x_wconf 78' lang='lat' dir='ltr'>refutandam</span> <span class='ocrx_word' id='word_1_34' title='bbox 1167 814 1338 901; x_wconf 79' lang='lat' dir='ltr'>scripsisse</span> <span class='ocrx_word' id='word_1_35' title='bbox 1353 815 1471 901; x_wconf 90' lang='lat' dir='ltr'>utique</span> 
     </span>
     <span class='ocr_line' id='line_1_6' title="bbox 191 919 1470 1008; baseline 0 -20"><span class='ocrx_word' id='word_1_36' title='bbox 191 923 383 1006; x_wconf 84' lang='lat' dir='ltr'>negauerim</span> <span class='ocrx_word' id='word_1_37' title='bbox 415 922 520 988; x_wconf 88' lang='lat' dir='ltr'>uerba</span> <span class='ocrx_word' id='word_1_38' title='bbox 549 921 634 988; x_wconf 91' lang='lat' dir='ltr'>haec</span> <span class='ocrx_word' id='word_1_39' title='bbox 665 920 721 1003; x_wconf 83' lang='lat' dir='ltr'>(IX</span> <span class='ocrx_word' id='word_1_40' title='bbox 739 923 770 1004; x_wconf 85' lang='lat'>2,</span> <span class='ocrx_word' id='word_1_41' title='bbox 784 921 851 1005; x_wconf 70' lang='lat' dir='ltr'>74p</span> <span class='ocrx_word' id='word_1_42' title='bbox 883 919 981 1008; x_wconf 88' lang='lat' dir='ltr'>‘quod</span> <span class='ocrx_word' id='word_1_43' title='bbox 1007 942 1075 987; x_wconf 90' lang='lat' dir='ltr'>non</span> <span class='ocrx_word' id='word_1_44' title='bbox 1097 921 1312 987; x_wconf 86' lang='lat' dir='ltr'>inseruissem</span> <span class='ocrx_word' id='word_1_45' title='bbox 1341 923 1470 988; x_wconf 87' lang='lat' dir='ltr'>ueritus</span> 
     </span>
     <span class='ocr_line' id='line_1_7' title="bbox 193 1026 1471 1115; baseline -0.002 -19"><span class='ocrx_word' id='word_1_46' title='bbox 193 1029 381 1115; x_wconf 89' lang='lat' dir='ltr'>opinionem</span> <span class='ocrx_word' id='word_1_47' title='bbox 398 1029 592 1110; x_wconf 87' lang='lat' dir='ltr'>iactantiae,</span> <span class='ocrx_word' id='word_1_48' title='bbox 617 1028 682 1095; x_wconf 89' lang='lat' dir='ltr'>nisi</span> <span class='ocrx_word' id='word_1_49' title='bbox 704 1028 844 1115; x_wconf 90' lang='lat' dir='ltr'>probare</span> <span class='ocrx_word' id='word_1_50' title='bbox 867 1028 1060 1111; x_wconf 84' lang='lat' dir='ltr'>uoluissenr,</span> <span class='ocrx_word' id='word_1_51' title='bbox 1088 1030 1123 1093; x_wconf 92' lang='lat' dir='ltr'>in</span> <span class='ocrx_word' id='word_1_52' title='bbox 1146 1026 1218 1094; x_wconf 87' lang='lat' dir='ltr'>foro</span> <span class='ocrx_word' id='word_1_53' title='bbox 1242 1048 1374 1115; x_wconf 91' lang='lat' dir='ltr'>quoque</span> <span class='ocrx_word' id='word_1_54' title='bbox 1396 1048 1471 1094; x_wconf 89' lang='lat' dir='ltr'>esse</span> 
     </span>
     <span class='ocr_line' id='line_1_8' title="bbox 192 1134 1470 1222; baseline 0 -21"><span class='ocrx_word' id='word_1_55' title='bbox 192 1135 243 1202; x_wconf 89' lang='lat' dir='ltr'>his</span> <span class='ocrx_word' id='word_1_56' title='bbox 266 1135 382 1219; x_wconf 86' lang='lat' dir='ltr'>figuris</span> <span class='ocrx_word' id='word_1_57' title='bbox 405 1135 539 1218; x_wconf 56' lang='lat' dir='ltr'>locum’.¹</span> <span class='ocrx_word' id='word_1_58' title='bbox 580 1134 653 1202; x_wconf 92' lang='lat' dir='ltr'>Hoc</span> <span class='ocrx_word' id='word_1_59' title='bbox 676 1156 757 1202; x_wconf 86' lang='lat' dir='ltr'>sane</span> <span class='ocrx_word' id='word_1_60' title='bbox 787 1134 926 1201; x_wconf 91' lang='lat' dir='ltr'>dubium</span> <span class='ocrx_word' id='word_1_61' title='bbox 955 1155 1029 1201; x_wconf 88' lang='lat' dir='ltr'>esse</span> <span class='ocrx_word' id='word_1_62' title='bbox 1053 1138 1174 1220; x_wconf 90' lang='lat' dir='ltr'>potest,</span> <span class='ocrx_word' id='word_1_63' title='bbox 1198 1136 1312 1200; x_wconf 89' lang='lat' dir='ltr'>utrum</span> <span class='ocrx_word' id='word_1_64' title='bbox 1335 1155 1470 1222; x_wconf 89' lang='lat' dir='ltr'>prorsus</span> 
     </span>
     <span class='ocr_line' id='line_1_9' title="bbox 191 1241 1472 1326; baseline 0.001 -19"><span class='ocrx_word' id='word_1_65' title='bbox 191 1242 340 1309; x_wconf 79' lang='lat' dir='ltr'>refecerit</span> <span class='ocrx_word' id='word_1_66' title='bbox 355 1263 455 1308; x_wconf 90' lang='lat' dir='ltr'>usum</span> <span class='ocrx_word' id='word_1_67' title='bbox 470 1241 771 1309; x_wconf 86' lang='lat' dir='ltr'>controuersiarum</span> <span class='ocrx_word' id='word_1_68' title='bbox 785 1242 1003 1326; x_wconf 87' lang='lat' dir='ltr'>figuratarum</span> <span class='ocrx_word' id='word_1_69' title='bbox 1021 1241 1188 1308; x_wconf 77' lang='lat' dir='ltr'>Cornutus</span> <span class='ocrx_word' id='word_1_70' title='bbox 1203 1263 1257 1325; x_wconf 87' lang='lat' dir='ltr'>an,</span> <span class='ocrx_word' id='word_1_71' title='bbox 1275 1242 1374 1308; x_wconf 88' lang='lat' dir='ltr'>sicuti</span> <span class='ocrx_word' id='word_1_72' title='bbox 1391 1241 1472 1308; x_wconf 87' lang='lat' dir='ltr'>fecit</span> 
     </span>
     <span class='ocr_line' id='line_1_10' title="bbox 193 1347 1471 1436; baseline 0 -21"><span class='ocrx_word' id='word_1_73' title='bbox 193 1348 429 1431; x_wconf 66' lang='lat' dir='ltr'>Quintilianus</span> <span class='ocrx_word' id='word_1_74' title='bbox 464 1347 663 1416; x_wconf 79' lang='lat' dir='ltr'>mediocrem</span> <span class='ocrx_word' id='word_1_75' title='bbox 697 1348 981 1416; x_wconf 87' lang='lat' dir='ltr'>commendauerit</span> <span class='ocrx_word' id='word_1_76' title='bbox 1015 1351 1117 1436; x_wconf 84' lang='lat' dir='ltr'>etque</span> <span class='ocrx_word' id='word_1_77' title='bbox 1152 1349 1471 1435; x_wconf 81' lang='lat' dir='ltr'>circumspectiorem</span> 
     </span>
     <span class='ocr_line' id='line_1_11' title="bbox 192 1454 1470 1540; baseline 0 -19"><span class='ocrx_word' id='word_1_78' title='bbox 192 1477 300 1522; x_wconf 87' lang='lat' dir='ltr'>usum.</span> <span class='ocrx_word' id='word_1_79' title='bbox 345 1454 472 1522; x_wconf 90' lang='lat' dir='ltr'>Deinde</span> <span class='ocrx_word' id='word_1_80' title='bbox 494 1458 646 1524; x_wconf 87' lang='lat' dir='ltr'>maturas</span> <span class='ocrx_word' id='word_1_81' title='bbox 675 1477 750 1522; x_wconf 89' lang='lat' dir='ltr'>esse</span> <span class='ocrx_word' id='word_1_82' title='bbox 777 1456 840 1523; x_wconf 88' lang='lat' dir='ltr'>has</span> <span class='ocrx_word' id='word_1_83' title='bbox 867 1456 994 1540; x_wconf 81' lang='lat' dir='ltr'>figuras</span> <span class='ocrx_word' id='word_1_84' title='bbox 1018 1456 1185 1524; x_wconf 82' lang='lat' dir='ltr'>Gomutus</span> <span class='ocrx_word' id='word_1_85' title='bbox 1214 1454 1470 1522; x_wconf 85' lang='lat' dir='ltr'>Ps-Rufiniano</span> 
     </span>
     <span class='ocr_line' id='line_1_12' title="bbox 192 1561 1470 1649; baseline 0.001 -21"><span class='ocrx_word' id='word_1_86' title='bbox 192 1566 280 1629; x_wconf 89' lang='lat' dir='ltr'>teste</span> <span class='ocrx_word' id='word_1_87' title='bbox 303 1563 449 1646; x_wconf 86' lang='lat' dir='ltr'>negauit.</span> <span class='ocrx_word' id='word_1_88' title='bbox 471 1625 477 1638; x_wconf 84' lang='lat'>,</span> <span class='ocrx_word' id='word_1_89' title='bbox 495 1561 652 1629; x_wconf 88' lang='lat' dir='ltr'>Similiter</span> <span class='ocrx_word' id='word_1_90' title='bbox 674 1565 790 1630; x_wconf 91' lang='lat' dir='ltr'>autem</span> <span class='ocrx_word' id='word_1_91' title='bbox 811 1563 938 1630; x_wconf 84' lang='lat' dir='ltr'>Fabius</span> <span class='ocrx_word' id='word_1_92' title='bbox 961 1563 1215 1645; x_wconf 83' lang='lat' dir='ltr'>controuersiae,</span> <span class='ocrx_word' id='word_1_93' title='bbox 1248 1583 1334 1648; x_wconf 87' lang='lat' dir='ltr'>quae</span> <span class='ocrx_word' id='word_1_94' title='bbox 1363 1584 1470 1649; x_wconf 89' lang='lat' dir='ltr'>quau-</span> 
     </span>
     <span class='ocr_line' id='line_1_13' title="bbox 193 1667 1472 1758; baseline 0.002 -24"><span class='ocrx_word' id='word_1_95' title='bbox 193 1691 294 1755; x_wconf 90' lang='lat' dir='ltr'>quam</span> <span class='ocrx_word' id='word_1_96' title='bbox 316 1667 528 1736; x_wconf 73' lang='lat' dir='ltr'>difficultatis</span> <span class='ocrx_word' id='word_1_97' title='bbox 551 1671 660 1753; x_wconf 80' lang='lat' dir='ltr'>gratia</span> <span class='ocrx_word' id='word_1_98' title='bbox 682 1670 840 1758; x_wconf 87' lang='lat' dir='ltr'>placeant</span> <span class='ocrx_word' id='word_1_99' title='bbox 863 1673 978 1737; x_wconf 88' lang='lat' dir='ltr'>tamen</span> <span class='ocrx_word' id='word_1_100' title='bbox 1002 1669 1070 1736; x_wconf 90' lang='lat' dir='ltr'>siut</span> <span class='ocrx_word' id='word_1_101' title='bbox 1092 1669 1198 1736; x_wconf 92' lang='lat' dir='ltr'>multo</span> <span class='ocrx_word' id='word_1_102' title='bbox 1213 1668 1389 1754; x_wconf 81' lang='lat' dir='ltr'>faciliores,</span> <span class='ocrx_word' id='word_1_103' title='bbox 1416 1690 1472 1736; x_wconf 88' lang='lat' dir='ltr'>no-</span> 
     </span>
     <span class='ocr_line' id='line_1_14' title="bbox 193 1775 1472 1861; baseline 0.001 -20"><span class='ocrx_word' id='word_1_104' title='bbox 193 1776 300 1843; x_wconf 89' lang='lat' dir='ltr'>minat</span> <span class='ocrx_word' id='word_1_105' title='bbox 322 1775 368 1842; x_wconf 94' lang='lat' dir='ltr'>IX</span> <span class='ocrx_word' id='word_1_106' title='bbox 383 1777 414 1860; x_wconf 88' lang='lat'>2,</span> <span class='ocrx_word' id='word_1_107' title='bbox 428 1777 471 1844; x_wconf 82' lang='lat'>78</span> <span class='ocrx_word' id='word_1_108' title='bbox 494 1775 721 1844; x_wconf 82' lang='lat' dir='ltr'>‘deuerticula&#39;</span> <span class='ocrx_word' id='word_1_109' title='bbox 746 1781 780 1844; x_wconf 91' lang='lat' dir='ltr'>et</span> <span class='ocrx_word' id='word_1_110' title='bbox 795 1777 990 1844; x_wconf 86' lang='lat' dir='ltr'>‘anfractus&#39;</span> <span class='ocrx_word' id='word_1_111' title='bbox 1012 1780 1047 1843; x_wconf 88' lang='lat' dir='ltr'>et</span> <span class='ocrx_word' id='word_1_112' title='bbox 1061 1775 1222 1860; x_wconf 85' lang='lat' dir='ltr'>‘suffugia</span> <span class='ocrx_word' id='word_1_113' title='bbox 1240 1775 1472 1861; x_wconf 86' lang='lat' dir='ltr'>infirmitatis’;</span> 
     </span>
     <span class='ocr_line' id='line_1_15' title="bbox 194 1883 1472 1971; baseline 0.001 -23"><span class='ocrx_word' id='word_1_114' title='bbox 194 1883 281 1969; x_wconf 91' lang='lat' dir='ltr'>quod</span> <span class='ocrx_word' id='word_1_115' title='bbox 304 1904 411 1967; x_wconf 87' lang='lat' dir='ltr'>genus</span> <span class='ocrx_word' id='word_1_116' title='bbox 433 1883 617 1967; x_wconf 82' lang='lat' dir='ltr'>figurarum</span> <span class='ocrx_word' id='word_1_117' title='bbox 646 1885 703 1970; x_wconf 92' lang='lat' dir='ltr'>qui</span> <span class='ocrx_word' id='word_1_118' title='bbox 733 1883 895 1951; x_wconf 88' lang='lat' dir='ltr'>adhibent</span> <span class='ocrx_word' id='word_1_119' title='bbox 924 1885 996 1971; x_wconf 89' lang='lat' dir='ltr'>ipse</span> <span class='ocrx_word' id='word_1_120' title='bbox 1027 1886 1199 1969; x_wconf 89' lang='lat' dir='ltr'>comparat</span> <span class='ocrx_word' id='word_1_121' title='bbox 1230 1905 1304 1950; x_wconf 88' lang='lat' dir='ltr'>cum</span> <span class='ocrx_word' id='word_1_122' title='bbox 1337 1885 1385 1951; x_wconf 88' lang='lat' dir='ltr'>eis</span> <span class='ocrx_word' id='word_1_123' title='bbox 1416 1885 1472 1970; x_wconf 93' lang='lat' dir='ltr'>qui</span> 
     </span>
     <span class='ocr_line' id='line_1_16' title="bbox 192 1989 1473 2078; baseline 0.002 -24"><span class='ocrx_word' id='word_1_124' title='bbox 192 1990 320 2057; x_wconf 92' lang='lat' dir='ltr'>uiribus</span> <span class='ocrx_word' id='word_1_125' title='bbox 341 1990 377 2055; x_wconf 91' lang='lat' dir='ltr'>in</span> <span class='ocrx_word' id='word_1_126' title='bbox 401 2011 500 2056; x_wconf 90' lang='lat' dir='ltr'>cursu</span> <span class='ocrx_word' id='word_1_127' title='bbox 524 1989 756 2058; x_wconf 84' lang='lat' dir='ltr'>deficientibus</span> <span class='ocrx_word' id='word_1_128' title='bbox 779 1991 871 2057; x_wconf 87' lang='lat' dir='ltr'>flexu</span> <span class='ocrx_word' id='word_1_129' title='bbox 894 1991 1042 2058; x_wconf 88' lang='lat' dir='ltr'>eludunt</span> <span class='ocrx_word' id='word_1_130' title='bbox 1077 1990 1173 2056; x_wconf 90' lang='lat' dir='ltr'>Vnde</span> <span class='ocrx_word' id='word_1_131' title='bbox 1200 1994 1340 2078; x_wconf 88' lang='lat' dir='ltr'>apparet</span> <span class='ocrx_word' id='word_1_132' title='bbox 1362 1991 1473 2076; x_wconf 88' lang='lat' dir='ltr'>ipsum</span> 
     </span>
     <span class='ocr_line' id='line_1_17' title="bbox 194 2097 1471 2185; baseline 0.001 -23"><span class='ocrx_word' id='word_1_133' title='bbox 194 2117 324 2183; x_wconf 90' lang='lat' dir='ltr'>quoque</span> <span class='ocrx_word' id='word_1_134' title='bbox 347 2097 562 2184; x_wconf 79' lang='lat' dir='ltr'>immaturam</span> <span class='ocrx_word' id='word_1_135' title='bbox 578 2098 925 2185; x_wconf 86' lang='lat' dir='ltr'>atque&#39;imperfectam</span> <span class='ocrx_word' id='word_1_136' title='bbox 940 2097 1059 2164; x_wconf 82' lang='lat' dir='ltr'>harum</span> <span class='ocrx_word' id='word_1_137' title='bbox 1076 2099 1376 2164; x_wconf 88' lang='lat' dir='ltr'>controuersiarum</span> <span class='ocrx_word' id='word_1_138' title='bbox 1392 2111 1471 2164; x_wconf 91' lang='lat' dir='ltr'>con-</span> 
     </span>
     <span class='ocr_line' id='line_1_18' title="bbox 194 2203 1472 2290; baseline 0.001 -22"><span class='ocrx_word' id='word_1_139' title='bbox 194 2204 356 2270; x_wconf 90' lang='lat' dir='ltr'>dicionem</span> <span class='ocrx_word' id='word_1_140' title='bbox 379 2203 568 2286; x_wconf 86' lang='lat' dir='ltr'>significare</span> <span class='ocrx_word' id='word_1_141' title='bbox 591 2203 749 2270; x_wconf 86' lang='lat' dir='ltr'>uoluisse.</span> <span class='ocrx_word' id='word_1_142' title='bbox 795 2205 947 2290; x_wconf 89' lang='lat' dir='ltr'>Denique</span> <span class='ocrx_word' id='word_1_143' title='bbox 970 2225 1039 2271; x_wconf 90' lang='lat' dir='ltr'>non</span> <span class='ocrx_word' id='word_1_144' title='bbox 1061 2203 1238 2270; x_wconf 82' lang='lat' dir='ltr'>infeliciter</span> <span class='ocrx_word' id='word_1_145' title='bbox 1267 2205 1349 2274; x_wconf 87' lang='lat' dir='ltr'>mihi</span> <span class='ocrx_word' id='word_1_146' title='bbox 1378 2203 1472 2270; x_wconf 91' lang='lat' dir='ltr'>Heu-</span> 
     </span>
     <span class='ocr_line' id='line_1_19' title="bbox 194 2310 1472 2398; baseline 0.002 -23"><span class='ocrx_word' id='word_1_147' title='bbox 194 2310 304 2393; x_wconf 84' lang='lat' dir='ltr'>singer</span> <span class='ocrx_word' id='word_1_148' title='bbox 327 2311 505 2376; x_wconf 87' lang='lat' dir='ltr'>coniecisse</span> <span class='ocrx_word' id='word_1_149' title='bbox 527 2310 662 2377; x_wconf 89' lang='lat' dir='ltr'>uidetur</span> <span class='ocrx_word' id='word_1_150' title='bbox 685 2311 719 2377; x_wconf 93' lang='lat' dir='ltr'>id</span> <span class='ocrx_word' id='word_1_151' title='bbox 735 2311 823 2398; x_wconf 92' lang='lat' dir='ltr'>quod</span> <span class='ocrx_word' id='word_1_152' title='bbox 848 2332 950 2397; x_wconf 89' lang='lat' dir='ltr'>supra</span> <span class='ocrx_word' id='word_1_153' title='bbox 971 2311 1007 2377; x_wconf 92' lang='lat' dir='ltr'>in</span> <span class='ocrx_word' id='word_1_154' title='bbox 1026 2314 1160 2378; x_wconf 86' lang='lat' dir='ltr'>textum</span> <span class='ocrx_word' id='word_1_155' title='bbox 1174 2311 1283 2398; x_wconf 89' lang='lat' dir='ltr'>recepi</span> <span class='ocrx_word' id='word_1_156' title='bbox 1299 2310 1339 2378; x_wconf 89' lang='lat' dir='ltr'>de</span> <span class='ocrx_word' id='word_1_157' title='bbox 1354 2310 1472 2395; x_wconf 83' lang='lat' dir='ltr'>figuris</span> 
     </span>
     <span class='ocr_line' id='line_1_20' title="bbox 194 2416 1473 2505; baseline 0.001 -21"><span class='ocrx_word' id='word_1_158' title='bbox 194 2418 382 2486; x_wconf 65' lang='lat' dir='ltr'>‘incenditis</span> <span class='ocrx_word' id='word_1_159' title='bbox 404 2419 665 2502; x_wconf 66' lang='lat' dir='ltr'>bsuuieutdus’3</span> <span class='ocrx_word' id='word_1_160' title='bbox 695 2419 752 2504; x_wconf 92' lang='lat' dir='ltr'>qui</span> <span class='ocrx_word' id='word_1_161' title='bbox 775 2416 992 2484; x_wconf 85' lang='lat' dir='ltr'>‘lasciuiendi’</span> <span class='ocrx_word' id='word_1_162' title='bbox 1016 2419 1109 2484; x_wconf 92' lang='lat' dir='ltr'>uocis</span> <span class='ocrx_word' id='word_1_163' title='bbox 1132 2439 1215 2484; x_wconf 90' lang='lat' dir='ltr'>usus</span> <span class='ocrx_word' id='word_1_164' title='bbox 1239 2418 1473 2505; x_wconf 85' lang='lat' dir='ltr'>comprobatur</span> 
     </span>
     <span class='ocr_line' id='line_1_21' title="bbox 194 2523 1473 2611; baseline 0.001 -22"><span class='ocrx_word' id='word_1_165' title='bbox 194 2523 354 2610; x_wconf 91' lang='lat' dir='ltr'>exemplis</span> <span class='ocrx_word' id='word_1_166' title='bbox 377 2545 395 2590; x_wconf 92' lang='lat' dir='ltr'>e</span> <span class='ocrx_word' id='word_1_167' title='bbox 418 2523 521 2590; x_wconf 79' lang='lat' dir='ltr'>Fabio</span> <span class='ocrx_word' id='word_1_168' title='bbox 546 2523 667 2607; x_wconf 83' lang='lat' dir='ltr'>allatis,</span> <span class='ocrx_word' id='word_1_169' title='bbox 692 2525 813 2610; x_wconf 90' lang='lat' dir='ltr'>quibus</span> <span class='ocrx_word' id='word_1_170' title='bbox 837 2546 937 2590; x_wconf 91' lang='lat' dir='ltr'>usum</span> <span class='ocrx_word' id='word_1_171' title='bbox 960 2523 1100 2591; x_wconf 82' lang='lat' dir='ltr'>alicrrius</span> <span class='ocrx_word' id='word_1_172' title='bbox 1122 2525 1171 2590; x_wconf 90' lang='lat' dir='ltr'>rei</span> <span class='ocrx_word' id='word_1_173' title='bbox 1192 2525 1473 2611; x_wconf 87' lang='lat' dir='ltr'>intemperantem</span> 
     </span>
     <span class='ocr_line' id='line_1_22' title="bbox 194 2629 1473 2719; baseline 0.002 -23"><span class='ocrx_word' id='word_1_174' title='bbox 194 2637 296 2716; x_wconf 88' lang='lat' dir='ltr'>atque</span> <span class='ocrx_word' id='word_1_175' title='bbox 319 2631 541 2717; x_wconf 90' lang='lat' dir='ltr'>petulantiam</span> <span class='ocrx_word' id='word_1_176' title='bbox 565 2629 620 2696; x_wconf 92' lang='lat' dir='ltr'>uel</span> <span class='ocrx_word' id='word_1_177' title='bbox 648 2630 892 2698; x_wconf 88' lang='lat' dir='ltr'>abundantiam</span> <span class='ocrx_word' id='word_1_178' title='bbox 918 2631 982 2698; x_wconf 90' lang='lat' dir='ltr'>hoc</span> <span class='ocrx_word' id='word_1_179' title='bbox 1011 2630 1176 2698; x_wconf 88' lang='lat' dir='ltr'>uocabulo</span> <span class='ocrx_word' id='word_1_180' title='bbox 1209 2633 1348 2718; x_wconf 82' lang='lat' dir='ltr'>exprimi</span> <span class='ocrx_word' id='word_1_181' title='bbox 1374 2652 1473 2719; x_wconf 88' lang='lat' dir='ltr'>posse</span> 
     </span>
     <span class='ocr_line' id='line_1_23' title="bbox 195 2736 1473 2827; baseline 0 -23"><span class='ocrx_word' id='word_1_182' title='bbox 195 2738 384 2821; x_wconf 80' lang='lat' dir='ltr'>edocemur3</span> <span class='ocrx_word' id='word_1_183' title='bbox 408 2758 475 2823; x_wconf 85' lang='lat' dir='ltr'>qua</span> <span class='ocrx_word' id='word_1_184' title='bbox 498 2736 538 2803; x_wconf 91' lang='lat' dir='ltr'>de</span> <span class='ocrx_word' id='word_1_185' title='bbox 554 2759 589 2804; x_wconf 92' lang='lat' dir='ltr'>re</span> <span class='ocrx_word' id='word_1_186' title='bbox 605 2739 820 2805; x_wconf 89' lang='lat' dir='ltr'>conferantur</span> <span class='ocrx_word' id='word_1_187' title='bbox 839 2739 944 2827; x_wconf 83' lang='lat' dir='ltr'>‘parui</span> <span class='ocrx_word' id='word_1_188' title='bbox 960 2738 1060 2820; x_wconf 88' lang='lat' dir='ltr'>pedes</span> <span class='ocrx_word' id='word_1_189' title='bbox 1077 2792 1083 2804; x_wconf 96' lang='lat'>.</span> <span class='ocrx_word' id='word_1_190' title='bbox 1101 2790 1107 2804; x_wconf 95' lang='lat'>.</span> <span class='ocrx_word' id='word_1_191' title='bbox 1124 2793 1131 2808; x_wconf 92' lang='lat'><strong>.</strong></span> <span class='ocrx_word' id='word_1_192' title='bbox 1153 2740 1188 2806; x_wconf 92' lang='lat' dir='ltr'>in</span> <span class='ocrx_word' id='word_1_193' title='bbox 1205 2739 1356 2806; x_wconf 88' lang='lat' dir='ltr'>oratione</span> <span class='ocrx_word' id='word_1_194' title='bbox 1373 2738 1473 2805; x_wconf 90' lang='lat' dir='ltr'>simili</span> 
     </span>
     <span class='ocr_line' id='line_1_24' title="bbox 194 2844 1472 2933; baseline 0.002 -24"><span class='ocrx_word' id='word_1_195' title='bbox 194 2864 302 2931; x_wconf 85' lang='lat' dir='ltr'>paene</span> <span class='ocrx_word' id='word_1_196' title='bbox 325 2844 460 2910; x_wconf 88' lang='lat' dir='ltr'>licentia</span> <span class='ocrx_word' id='word_1_197' title='bbox 482 2845 693 2914; x_wconf 69' lang='lat' dir='ltr'>losmuieutes’</span> <span class='ocrx_word' id='word_1_198' title='bbox 718 2845 839 2928; x_wconf 72' lang='lat' dir='ltr'>(Quint.</span> <span class='ocrx_word' id='word_1_199' title='bbox 863 2846 909 2911; x_wconf 91' lang='lat' dir='ltr'>IX</span> <span class='ocrx_word' id='word_1_200' title='bbox 924 2847 955 2930; x_wconf 87' lang='lat'>4,</span> <span class='ocrx_word' id='word_1_201' title='bbox 968 2845 999 2930; x_wconf 81' lang='lat'>6)</span> <span class='ocrx_word' id='word_1_202' title='bbox 1024 2851 1060 2913; x_wconf 89' lang='lat' dir='ltr'>et</span> <span class='ocrx_word' id='word_1_203' title='bbox 1082 2845 1252 2914; x_wconf 87' lang='lat' dir='ltr'>‘uitiosum</span> <span class='ocrx_word' id='word_1_204' title='bbox 1281 2848 1316 2912; x_wconf 91' lang='lat' dir='ltr'>et</span> <span class='ocrx_word' id='word_1_205' title='bbox 1339 2867 1472 2933; x_wconf 87' lang='lat' dir='ltr'>corrup·</span> 
     </span>
     <span class='ocr_line' id='line_1_25' title="bbox 194 2949 1474 3040; baseline 0.005 -24"><span class='ocrx_word' id='word_1_206' title='bbox 194 2957 267 3016; x_wconf 92' lang='lat' dir='ltr'>tum</span> <span class='ocrx_word' id='word_1_207' title='bbox 279 2949 409 3017; x_wconf 89' lang='lat' dir='ltr'>dicendi</span> <span class='ocrx_word' id='word_1_208' title='bbox 421 2971 537 3035; x_wconf 80' lang='lat' dir='ltr'>genoe,</span> <span class='ocrx_word' id='word_1_209' title='bbox 556 2952 692 3036; x_wconf 88' lang='lat' dir='ltr'>quod...</span> <span class='ocrx_word' id='word_1_210' title='bbox 708 2951 890 3040; x_wconf 86' lang='lat' dir='ltr'>puerilibus</span> <span class='ocrx_word' id='word_1_211' title='bbox 902 2953 1114 3020; x_wconf 90' lang='lat' dir='ltr'>sententiolis</span> <span class='ocrx_word' id='word_1_212' title='bbox 1123 2955 1260 3024; x_wconf 64' lang='lat' dir='ltr'>bsduit’</span> <span class='ocrx_word' id='word_1_213' title='bbox 1271 2952 1401 3037; x_wconf 80' lang='grc' dir='ltr'>(ΧΗῙΟ,</span> <span class='ocrx_word' id='word_1_214' title='bbox 1410 2952 1474 3036; x_wconf 73' lang='grc'><strong>73).</strong></span> 
     </span>
    </p>

    <p class='ocr_par' dir='ltr' id='par_1_3' title="bbox 194 3057 1540 3788">
     <span class='ocr_line' id='line_1_26' title="bbox 302 3057 1474 3146; baseline 0.002 -22"><span class='ocrx_word' id='word_1_215' title='bbox 302 3057 394 3138; x_wconf 79' lang='lat' dir='ltr'>Quae</span> <span class='ocrx_word' id='word_1_216' title='bbox 429 3078 503 3123; x_wconf 86' lang='lat' dir='ltr'>cunr</span> <span class='ocrx_word' id='word_1_217' title='bbox 535 3058 584 3124; x_wconf 90' lang='lat' dir='ltr'>ita</span> <span class='ocrx_word' id='word_1_218' title='bbox 614 3059 684 3125; x_wconf 87' lang='lat' dir='ltr'>sint</span> <span class='ocrx_word' id='word_1_219' title='bbox 713 3058 761 3124; x_wconf 89' lang='lat' dir='ltr'>nil</span> <span class='ocrx_word' id='word_1_220' title='bbox 793 3059 953 3143; x_wconf 85' lang='lat' dir='ltr'>refragari</span> <span class='ocrx_word' id='word_1_221' title='bbox 986 3060 1120 3126; x_wconf 88' lang='lat' dir='ltr'>uidetur</span> <span class='ocrx_word' id='word_1_222' title='bbox 1153 3060 1372 3142; x_wconf 86' lang='lat' dir='ltr'>coniecturae,</span> <span class='ocrx_word' id='word_1_223' title='bbox 1407 3081 1474 3146; x_wconf 85' lang='lat' dir='ltr'>qua</span> 
     </span>
     <span class='ocr_line' id='line_1_27' title="bbox 194 3163 1540 3233; baseline 0.001 -3"><span class='ocrx_word' id='word_1_224' title='bbox 194 3165 279 3230; x_wconf 85' lang='lat' dir='ltr'>nixi&#39;</span> <span class='ocrx_word' id='word_1_225' title='bbox 295 3164 339 3230; x_wconf 88' lang='lat' dir='ltr'>ad</span> <span class='ocrx_word' id='word_1_226' title='bbox 369 3163 553 3231; x_wconf 79' lang='lat' dir='ltr'>Cornutum</span> <span class='ocrx_word' id='word_1_227' title='bbox 586 3163 760 3231; x_wconf 84' lang='lat' dir='ltr'>referimus</span> <span class='ocrx_word' id='word_1_228' title='bbox 795 3187 995 3233; x_wconf 91' lang='lat' dir='ltr'>consensum</span> <span class='ocrx_word' id='word_1_229' title='bbox 1024 3166 1119 3232; x_wconf 84' lang='lat' dir='ltr'>Fabii</span> <span class='ocrx_word' id='word_1_230' title='bbox 1153 3169 1188 3233; x_wconf 89' lang='lat' dir='ltr'>et</span> <span class='ocrx_word' id='word_1_231' title='bbox 1217 3165 1473 3232; x_wconf 82' lang='lat' dir='ltr'>Ps-Rufiniani.</span> <span class='ocrx_word' id='word_1_232' title='bbox 1537 3195 1540 3202; x_wconf 96' lang='lat'>·</span> 
     </span>
     <span class='ocr_line' id='line_1_28' title="bbox 195 3270 1473 3359; baseline 0.002 -23"><span class='ocrx_word' id='word_1_233' title='bbox 195 3272 333 3338; x_wconf 87' lang='lat' dir='ltr'>Accedit</span> <span class='ocrx_word' id='word_1_234' title='bbox 362 3270 450 3357; x_wconf 92' lang='lat' dir='ltr'>quod</span> <span class='ocrx_word' id='word_1_235' title='bbox 480 3270 536 3338; x_wconf 92' lang='lat' dir='ltr'>ille</span> <span class='ocrx_word' id='word_1_236' title='bbox 569 3271 779 3338; x_wconf 83' lang='lat' dir='ltr'>schematum</span> <span class='ocrx_word' id='word_1_237' title='bbox 809 3273 977 3359; x_wconf 90' lang='lat' dir='ltr'>scriptoris</span> <span class='ocrx_word' id='word_1_238' title='bbox 1008 3275 1124 3339; x_wconf 85' lang='lat' dir='ltr'>auctor</span> <span class='ocrx_word' id='word_1_239' title='bbox 1154 3271 1346 3357; x_wconf 85' lang='lat' dir='ltr'>Vergilium,</span> <span class='ocrx_word' id='word_1_240' title='bbox 1377 3273 1473 3339; x_wconf 81' lang='lat' dir='ltr'>errius</span> 
     </span>
     <span class='ocr_line' id='line_1_29' title="bbox 194 3378 1473 3465; baseline 0.003 -22"><span class='ocrx_word' id='word_1_241' title='bbox 194 3378 348 3444; x_wconf 90' lang='lat' dir='ltr'>uersibus</span> <span class='ocrx_word' id='word_1_242' title='bbox 384 3399 500 3446; x_wconf 91' lang='lat' dir='ltr'>omnes</span> <span class='ocrx_word' id='word_1_243' title='bbox 535 3378 604 3446; x_wconf 89' lang='lat' dir='ltr'>fere</span> <span class='ocrx_word' id='word_1_244' title='bbox 638 3379 765 3462; x_wconf 83' lang='lat' dir='ltr'>figurae</span> <span class='ocrx_word' id='word_1_245' title='bbox 798 3378 1018 3465; x_wconf 86' lang='lat' dir='ltr'>illustrantur,</span> <span class='ocrx_word' id='word_1_246' title='bbox 1054 3379 1231 3446; x_wconf 83' lang='lat' dir='ltr'>adamasse</span> <span class='ocrx_word' id='word_1_247' title='bbox 1264 3378 1406 3465; x_wconf 84' lang='lat' dir='ltr'>uidetur,</span> <span class='ocrx_word' id='word_1_248' title='bbox 1439 3380 1473 3447; x_wconf 93' lang='lat' dir='ltr'>id</span> 
     </span>
     <span class='ocr_line' id='line_1_30' title="bbox 196 3484 1472 3573; baseline 0.002 -23"><span class='ocrx_word' id='word_1_249' title='bbox 196 3485 284 3570; x_wconf 92' lang='lat' dir='ltr'>quod</span> <span class='ocrx_word' id='word_1_250' title='bbox 315 3484 439 3572; x_wconf 88' lang='lat' dir='ltr'>optime</span> <span class='ocrx_word' id='word_1_251' title='bbox 471 3487 630 3552; x_wconf 89' lang='lat' dir='ltr'>conuenit</span> <span class='ocrx_word' id='word_1_252' title='bbox 660 3505 736 3553; x_wconf 89' lang='lat' dir='ltr'>cum</span> <span class='ocrx_word' id='word_1_253' title='bbox 759 3485 897 3552; x_wconf 80' lang='lat' dir='ltr'>Cornuti</span> <span class='ocrx_word' id='word_1_254' title='bbox 920 3486 1040 3553; x_wconf 91' lang='lat' dir='ltr'>studiis</span> <span class='ocrx_word' id='word_1_255' title='bbox 1063 3485 1272 3570; x_wconf 79' lang='lat' dir='ltr'>VergilianiS,</span> <span class='ocrx_word' id='word_1_256' title='bbox 1297 3487 1353 3573; x_wconf 93' lang='lat' dir='ltr'>qui</span> <span class='ocrx_word' id='word_1_257' title='bbox 1382 3488 1472 3554; x_wconf 87' lang='lat' dir='ltr'>teste</span> 
     </span>
     <span class='ocr_line' id='line_1_31' title="bbox 196 3590 1473 3680; baseline 0.001 -22"><span class='ocrx_word' id='word_1_258' title='bbox 196 3590 301 3658; x_wconf 84' lang='lat' dir='ltr'>Gellio</span> <span class='ocrx_word' id='word_1_259' title='bbox 324 3591 370 3657; x_wconf 90' lang='lat' dir='ltr'>IX</span> <span class='ocrx_word' id='word_1_260' title='bbox 396 3591 484 3675; x_wconf 86' lang='lat'>10,5</span> <span class='ocrx_word' id='word_1_261' title='bbox 516 3592 664 3659; x_wconf 90' lang='lat' dir='ltr'>eiusdem</span> <span class='ocrx_word' id='word_1_262' title='bbox 694 3596 816 3680; x_wconf 88' lang='lat' dir='ltr'>poetae</span> <span class='ocrx_word' id='word_1_263' title='bbox 846 3612 966 3659; x_wconf 91' lang='lat' dir='ltr'>uersus</span> <span class='ocrx_word' id='word_1_264' title='bbox 997 3593 1159 3660; x_wconf 87' lang='lat' dir='ltr'>tractauit</span> <span class='ocrx_word' id='word_1_265' title='bbox 1187 3596 1223 3661; x_wconf 90' lang='lat' dir='ltr'>in</span> <span class='ocrx_word' id='word_1_266' title='bbox 1254 3592 1400 3661; x_wconf 87' lang='lat' dir='ltr'>secundo</span> <span class='ocrx_word' id='word_1_267' title='bbox 1432 3591 1473 3659; x_wconf 89' lang='lat' dir='ltr'>de</span> 
     </span>
     <span class='ocr_line' id='line_1_32' title="bbox 196 3698 932 3788; baseline 0.003 -24"><span class='ocrx_word' id='word_1_268' title='bbox 196 3700 440 3765; x_wconf 88' lang='lat' dir='ltr'>sententiarum</span> <span class='ocrx_word' id='word_1_269' title='bbox 461 3699 575 3782; x_wconf 81' lang='lat' dir='ltr'>figuris</span> <span class='ocrx_word' id='word_1_270' title='bbox 597 3699 680 3765; x_wconf 89' lang='lat' dir='ltr'>libro</span> <span class='ocrx_word' id='word_1_271' title='bbox 705 3698 791 3781; x_wconf 84' lang='lat' dir='ltr'>(uide</span> <span class='ocrx_word' id='word_1_272' title='bbox 813 3721 843 3787; x_wconf 91' lang='lat' dir='ltr'>p.</span> <span class='ocrx_word' id='word_1_273' title='bbox 867 3699 932 3788; x_wconf 83' lang='lat'><strong>82).</strong></span> 
     </span>
    </p>

    <p class='ocr_par' dir='ltr' id='par_1_4' title="bbox 155 3804 1474 4748">
     <span class='ocr_line' id='line_1_33' title="bbox 302 3804 1474 3892; baseline 0.001 -21"><span class='ocrx_word' id='word_1_274' title='bbox 302 3805 395 3872; x_wconf 89' lang='lat' dir='ltr'>Haec</span> <span class='ocrx_word' id='word_1_275' title='bbox 418 3806 530 3872; x_wconf 87' lang='lat' dir='ltr'>omnia</span> <span class='ocrx_word' id='word_1_276' title='bbox 554 3807 582 3873; x_wconf 95' lang='lat' dir='ltr'>si</span> <span class='ocrx_word' id='word_1_277' title='bbox 604 3825 683 3872; x_wconf 89' lang='lat' dir='ltr'>uere</span> <span class='ocrx_word' id='word_1_278' title='bbox 706 3804 879 3892; x_wconf 87' lang='lat' dir='ltr'>disputata</span> <span class='ocrx_word' id='word_1_279' title='bbox 901 3809 991 3891; x_wconf 89' lang='lat' dir='ltr'>sunt,</span> <span class='ocrx_word' id='word_1_280' title='bbox 1016 3805 1235 3874; x_wconf 85' lang='lat' dir='ltr'>statuendum</span> <span class='ocrx_word' id='word_1_281' title='bbox 1259 3807 1320 3873; x_wconf 91' lang='lat' dir='ltr'>erit</span> <span class='ocrx_word' id='word_1_282' title='bbox 1343 3806 1474 3873; x_wconf 88' lang='lat' dir='ltr'>talem</span> 
     </span>
     <span class='ocr_line' id='line_1_34' title="bbox 198 3911 1472 4001; baseline 0.001 -22"><span class='ocrx_word' id='word_1_283' title='bbox 198 3913 378 3979; x_wconf 81' lang='lat' dir='ltr'>Cornuti</span> <span class='ocrx_word' id='word_1_284' title='bbox 401 3911 449 3977; x_wconf 91' lang='lat' dir='ltr'>de</span> <span class='ocrx_word' id='word_1_285' title='bbox 472 3911 637 3995; x_wconf 84' lang='lat' dir='ltr'>figuris</span> <span class='ocrx_word' id='word_1_286' title='bbox 660 3911 805 3979; x_wconf 90' lang='lat' dir='ltr'>fuisse</span> <span class='ocrx_word' id='word_1_287' title='bbox 829 3912 1087 3982; x_wconf 88' lang='lat' dir='ltr'>doctrinam:</span> <span class='ocrx_word' id='word_1_288' title='bbox 1111 3913 1249 4001; x_wconf 85' lang='lat' dir='ltr'>Scripsit</span> <span class='ocrx_word' id='word_1_289' title='bbox 1262 3911 1327 3997; x_wconf 88' lang='lat' dir='ltr'>ille,</span> <span class='ocrx_word' id='word_1_290' title='bbox 1350 3912 1472 3980; x_wconf 88' lang='lat' dir='ltr'>Latino</span> 
     </span>
     <span class='ocr_line' id='line_1_35' title="bbox 196 4017 1473 4104; baseline 0.004 -21"><span class='ocrx_word' id='word_1_291' title='bbox 196 4040 278 4084; x_wconf 90' lang='lat' dir='ltr'>usus</span> <span class='ocrx_word' id='word_1_292' title='bbox 295 4039 455 4101; x_wconf 88' lang='lat' dir='ltr'>sermone,</span> <span class='ocrx_word' id='word_1_293' title='bbox 479 4017 563 4084; x_wconf 91' lang='lat' dir='ltr'>duos</span> <span class='ocrx_word' id='word_1_294' title='bbox 579 4018 754 4085; x_wconf 90' lang='lat' dir='ltr'>minimum</span> <span class='ocrx_word' id='word_1_295' title='bbox 768 4017 870 4086; x_wconf 89' lang='lat' dir='ltr'>libros</span> <span class='ocrx_word' id='word_1_296' title='bbox 887 4019 928 4086; x_wconf 93' lang='lat' dir='ltr'>de</span> <span class='ocrx_word' id='word_1_297' title='bbox 943 4018 1060 4104; x_wconf 88' lang='lat' dir='ltr'>figuris</span> <span class='ocrx_word' id='word_1_298' title='bbox 1076 4020 1329 4088; x_wconf 88' lang='lat' dir='ltr'>sententiarum.</span> <span class='ocrx_word' id='word_1_299' title='bbox 1365 4022 1473 4104; x_wconf 79' lang='lat' dir='ltr'>Quam</span> 
     </span>
     <span class='ocr_line' id='line_1_36' title="bbox 197 4124 1473 4214; baseline 0.004 -24"><span class='ocrx_word' id='word_1_300' title='bbox 197 4125 457 4212; x_wconf 87' lang='lat' dir='ltr'>disputationem</span> <span class='ocrx_word' id='word_1_301' title='bbox 480 4124 530 4192; x_wconf 84' lang='lat' dir='ltr'>ita</span> <span class='ocrx_word' id='word_1_302' title='bbox 552 4125 708 4209; x_wconf 63' lang='lat' dir='ltr'>instituit,</span> <span class='ocrx_word' id='word_1_303' title='bbox 732 4127 771 4191; x_wconf 91' lang='lat' dir='ltr'>ut</span> <span class='ocrx_word' id='word_1_304' title='bbox 795 4127 1041 4194; x_wconf 87' lang='lat' dir='ltr'>controuersiae</span> <span class='ocrx_word' id='word_1_305' title='bbox 1064 4126 1231 4210; x_wconf 79' lang='lat' dir='ltr'>figuratae</span> <span class='ocrx_word' id='word_1_306' title='bbox 1253 4129 1377 4214; x_wconf 87' lang='lat' dir='ltr'>pariter</span> <span class='ocrx_word' id='word_1_307' title='bbox 1401 4131 1473 4195; x_wconf 87' lang='lat' dir='ltr'>tra·</span> 
     </span>
     <span class='ocr_line' id='line_1_37' title="bbox 197 4230 1474 4319; baseline 0.002 -21"><span class='ocrx_word' id='word_1_308' title='bbox 197 4234 375 4298; x_wconf 88' lang='lat' dir='ltr'>etarentur.</span> <span class='ocrx_word' id='word_1_309' title='bbox 432 4230 629 4315; x_wconf 82' lang='lat' dir='ltr'>Figuramm</span> <span class='ocrx_word' id='word_1_310' title='bbox 662 4234 777 4301; x_wconf 87' lang='lat' dir='ltr'>eutem</span> <span class='ocrx_word' id='word_1_311' title='bbox 811 4234 948 4300; x_wconf 88' lang='lat' dir='ltr'>nomina</span> <span class='ocrx_word' id='word_1_312' title='bbox 971 4254 1058 4319; x_wconf 87' lang='lat' dir='ltr'>quae</span> <span class='ocrx_word' id='word_1_313' title='bbox 1093 4233 1245 4300; x_wconf 84' lang='lat' dir='ltr'>exhibuit</span> <span class='ocrx_word' id='word_1_314' title='bbox 1276 4234 1405 4302; x_wconf 84' lang='lat' dir='ltr'>Graeca</span> <span class='ocrx_word' id='word_1_315' title='bbox 1439 4237 1474 4301; x_wconf 89' lang='lat' dir='ltr'>et</span> 
     </span>
     <span class='ocr_line' id='line_1_38' title="bbox 155 4338 1473 4430; baseline 0.002 -26"><span class='ocrx_word' id='word_1_316' title='bbox 155 4418 160 4430; x_wconf 33' lang='grc' dir='ltr'>Ι</span> <span class='ocrx_word' id='word_1_317' title='bbox 196 4338 319 4405; x_wconf 86' lang='lat' dir='ltr'>Latina</span> <span class='ocrx_word' id='word_1_318' title='bbox 334 4359 402 4405; x_wconf 90' lang='lat' dir='ltr'>uon</span> <span class='ocrx_word' id='word_1_319' title='bbox 418 4341 490 4404; x_wconf 85' lang='lat' dir='ltr'>tam</span> <span class='ocrx_word' id='word_1_320' title='bbox 506 4339 635 4406; x_wconf 88' lang='lat' dir='ltr'>usitata</span> <span class='ocrx_word' id='word_1_321' title='bbox 649 4338 755 4406; x_wconf 89' lang='lat' dir='ltr'>fuisse</span> <span class='ocrx_word' id='word_1_322' title='bbox 771 4341 930 4407; x_wconf 89' lang='lat' dir='ltr'>uidentur</span> <span class='ocrx_word' id='word_1_323' title='bbox 945 4340 1031 4423; x_wconf 90' lang='lat' dir='ltr'>(uide</span> <span class='ocrx_word' id='word_1_324' title='bbox 1046 4363 1076 4428; x_wconf 90' lang='lat' dir='ltr'>p.</span> <span class='ocrx_word' id='word_1_325' title='bbox 1089 4341 1151 4423; x_wconf 77' lang='lat'><strong>55).</strong></span> <span class='ocrx_word' id='word_1_326' title='bbox 1175 4339 1331 4425; x_wconf 85' lang='lat' dir='ltr'>Singulas</span> <span class='ocrx_word' id='word_1_327' title='bbox 1345 4340 1473 4425; x_wconf 83' lang='lat' dir='ltr'>figuras</span> 
     </span>
     <span class='ocr_line' id='line_1_39' title="bbox 196 4445 1473 4535; baseline 0.004 -25"><span class='ocrx_word' id='word_1_328' title='bbox 196 4446 372 4532; x_wconf 86' lang='lat' dir='ltr'>praecipue</span> <span class='ocrx_word' id='word_1_329' title='bbox 394 4446 549 4512; x_wconf 86' lang='lat' dir='ltr'>uersibus</span> <span class='ocrx_word' id='word_1_330' title='bbox 572 4445 772 4532; x_wconf 85' lang='lat' dir='ltr'>Vergilianis</span> <span class='ocrx_word' id='word_1_331' title='bbox 802 4446 995 4532; x_wconf 87' lang='lat' dir='ltr'>illustrauit,</span> <span class='ocrx_word' id='word_1_332' title='bbox 1026 4446 1056 4513; x_wconf 89' lang='lat' dir='ltr'>si</span> <span class='ocrx_word' id='word_1_333' title='bbox 1086 4447 1183 4514; x_wconf 91' lang='lat' dir='ltr'>modo</span> <span class='ocrx_word' id='word_1_334' title='bbox 1207 4446 1348 4515; x_wconf 85' lang='lat' dir='ltr'>aliorum</span> <span class='ocrx_word' id='word_1_335' title='bbox 1371 4450 1473 4535; x_wconf 92' lang='lat' dir='ltr'>scrip-</span> 
     </span>
     <span class='ocr_line' id='line_1_40' title="bbox 196 4552 1473 4641; baseline 0.002 -23"><span class='ocrx_word' id='word_1_336' title='bbox 196 4563 308 4618; x_wconf 85' lang='lat' dir='ltr'>torum</span> <span class='ocrx_word' id='word_1_337' title='bbox 330 4552 386 4618; x_wconf 90' lang='lat' dir='ltr'>uel</span> <span class='ocrx_word' id='word_1_338' title='bbox 408 4556 584 4639; x_wconf 89' lang='lat' dir='ltr'>poetarum</span> <span class='ocrx_word' id='word_1_339' title='bbox 607 4552 760 4641; x_wconf 86' lang='lat' dir='ltr'>exempla</span> <span class='ocrx_word' id='word_1_340' title='bbox 783 4554 966 4622; x_wconf 86' lang='lat' dir='ltr'>arcessiuit</span> <span class='ocrx_word' id='word_1_341' title='bbox 999 4552 1224 4635; x_wconf 82' lang='lat' dir='ltr'>Quintilianus</span> <span class='ocrx_word' id='word_1_342' title='bbox 1248 4555 1320 4622; x_wconf 88' lang='lat' dir='ltr'>eius</span> <span class='ocrx_word' id='word_1_343' title='bbox 1343 4553 1473 4624; x_wconf 89' lang='lat' dir='ltr'>libellos</span> 
     </span>
     <span class='ocr_line' id='line_1_41' title="bbox 197 4659 1474 4748; baseline 0.002 -24"><span class='ocrx_word' id='word_1_344' title='bbox 197 4663 341 4726; x_wconf 87' lang='lat' dir='ltr'>nouerat</span> <span class='ocrx_word' id='word_1_345' title='bbox 355 4664 458 4746; x_wconf 88' lang='lat' dir='ltr'>atque</span> <span class='ocrx_word' id='word_1_346' title='bbox 472 4659 609 4746; x_wconf 82' lang='lat' dir='ltr'>legerat,</span> <span class='ocrx_word' id='word_1_347' title='bbox 627 4660 668 4727; x_wconf 90' lang='lat' dir='ltr'>de</span> <span class='ocrx_word' id='word_1_348' title='bbox 684 4660 984 4728; x_wconf 82' lang='lat' dir='ltr'>controuersiarum</span> <span class='ocrx_word' id='word_1_349' title='bbox 999 4660 1217 4746; x_wconf 67' lang='lat' dir='ltr'>figuratarum</span> <span class='ocrx_word' id='word_1_350' title='bbox 1232 4661 1267 4726; x_wconf 92' lang='lat' dir='ltr'>ui</span> <span class='ocrx_word' id='word_1_351' title='bbox 1283 4664 1386 4748; x_wconf 87' lang='lat' dir='ltr'>atque</span> <span class='ocrx_word' id='word_1_352' title='bbox 1408 4681 1474 4727; x_wconf 88' lang='lat' dir='ltr'>usu</span> 
     </span>
    </p>
   </div>
   <div class='ocr_carea' id='block_1_3' title="bbox 0 0 1740 5100">
    <p class='ocr_par' dir='ltr' id='par_1_5' title="bbox 0 0 1740 5100">
     <span class='ocr_line' id='line_1_42' title="bbox 0 0 1740 5100; baseline 0 0"><span class='ocrx_word' id='word_1_353' title='bbox 0 0 1740 5100; x_wconf 95' lang='lat' dir='ltr'> </span> 
     </span>
    </p>
   </div>
  </div>
 </body>
</html>
