3458 5100
769 273 992 339 ..20-

240 471 344 539 quam
366 450 416 518 ita
437 448 604 516 intellexit
627 452 729 537 atque
752 450 992 538 interpretatus
1016 454 1070 519 est
1092 451 1156 535 ille,
1179 455 1219 519 ut
1241 473 1329 540 quae
1346 451 1521 538 Stagirites

241 555 402 624 docuerat
423 556 487 623 hac
510 556 551 624 de
574 578 609 624 re
633 557 773 644 probare
796 579 865 624 non
887 561 1010 645 posset
1049 559 1123 641 Qua
1138 579 1180 625 ex
1194 557 1284 625 falsa
1300 558 1522 646 explicatione

243 684 318 731 oum
349 662 497 751 pendeat
528 664 636 730 omnis
667 685 780 731 eorum
813 663 977 731 aduersus
1008 665 1192 749 categorias
1226 666 1419 754 disputatio,
1455 669 1523 734 iam

241 791 330 857 quae
353 768 398 837 ad
419 790 489 837 rem
512 772 596 837 satis
619 770 884 858 perspiciendam
906 772 1075 858 pertinent
1097 770 1343 861 proferamus.¹)

331 875 470 965 Propria
484 877 671 963 categoriae
688 877 818 945 indoles
834 881 870 945 et
883 880 1009 946 natura
1024 900 1066 946 ea
1081 881 1143 954 est.
1169 900 1256 967 quae
1277 879 1444 965 significet
1458 881 1524 968 pri·

241 985 366 1052 marias
390 984 478 1052 entis
502 983 726 1068 condiciones3
757 985 942 1052 secundum
964 985 1053 1052 hanc
1082 985 1248 1053 rationem
1278 986 1391 1054 decem
1423 1007 1522 1054 enar-

240 1093 361 1158 rantur
376 1090 562 1176 categoriae
578 1088 768 1181 [Aristotlb
784 1091 896 1176 Gateg.
916 1113 942 1160 c.
958 1093 981 1159 4
1002 1112 1033 1178 p.
1053 1090 1092 1159 1b
1109 1092 1166 1159 25:
1188 1099 1252 1159 τῶν
1267 1096 1347 1160 κατὰ
1362 1096 1523 1180 μηδεμαν

242 1199 432 1283 συμπλοκὴν
454 1201 636 1283 λεγομένων
658 1202 791 1265 ἕκαστον
818 1202 888 1283 ἤτοι
915 1202 1026 1266 οὐσίαν
1052 1203 1197 1284 σημαίνει
1219 1205 1239 1284 ἢ
1261 1201 1366 1267 ποσὸν
1388 1205 1408 1286 ἢ
1430 1202 1524 1267 ποιὸν

242 1307 362 1390 ἢπρός
376 1332 404 1371 τι
419 1310 440 1390 ἢ
455 1313 519 1372 ποῦ
535 1311 555 1390 ἢ
571 1308 647 1372 ποτὲ
669 1311 689 1390 ἢ
713 1308 838 1371 κεῖσθαι
860 1310 881 1390 ἢ
904 1310 986 1391 ἔχειν
1009 1311 1029 1390 ἢ
1051 1314 1152 1372 ποιεῖν
1175 1310 1195 1391 ἢ
1218 1309 1362 1391 πάσχειν;
1386 1307 1524 1374 eaedem

241 1414 422 1478 occurrunt
436 1411 515 1498 Top.
530 1412 577 1480 19
600 1434 630 1500 p.
649 1410 804 1478 103b22:
827 1415 857 1478 τί
869 1415 1235 1480 ἐστι-ποσόν--ποιόν
1250 1416 1313 1479 κτλ.
1349 1413 1413 1494 Qui
1428 1417 1521 1480 cats-

243 1519 413 1603 goriarum
436 1539 596 1586 numerus
618 1518 666 1584 nil
683 1520 831 1607 pertinet
845 1517 889 1586 ad
904 1540 1028 1603 genera
1043 1520 1253 1604 elocutionis;
1276 1521 1377 1610 immo
1402 1520 1523 1588 discer-

242 1645 365 1692 namus
396 1628 563 1710 ἑρμηνείαν
593 1628 629 1692 et
658 1629 850 1712 κατηγορίαν
879 1647 1017 1694 necesse
1049 1630 1115 1710 est,
1147 1625 1235 1714 quod
1266 1627 1389 1694 iterum
1419 1629 1522 1714 atque

243 1732 366 1816 iterum
389 1735 592 1799 monuenmt
614 1732 746 1819 antiqui
767 1733 1003 1820 incorprotesr)
1047 1731 1179 1799 Etenim
1208 1733 1295 1800 aliae
1326 1737 1407 1800 sunt
1430 1738 1523 1800 cate-

245 1838 415 1922 goriarum
439 1839 593 1906 notiones
616 1839 802 1927 primariae,
834 1839 921 1906 aliae
946 1839 1156 1923 elocutionis,
1186 1839 1267 1927 quid
1289 1860 1369 1906 uero
1391 1840 1525 1908 intersit

245 1946 478 2029 cognoscimus
491 1967 533 2012 ex
544 1944 718 2034 Porphyrii
732 1946 844 2013 uerbis
859 1969 890 2034 p.
907 1946 1110 2034 58,34seqq.
1127 1949 1216 2015 etex
1232 1947 1280 2014 eis
1297 1967 1383 2034 quae
1400 1946 1524 2034 optime

245 2051 403 2119 dissenrit
428 2052 600 2141 Dexippus
627 2075 658 2140 p.
682 2054 859 2141 l2,6seqq.
904 2054 1022 2141 Itaque
1049 2052 1179 2120 factum
1209 2056 1263 2120 est
1292 2056 1331 2120 ut
1362 2054 1448 2121 duae
1477 2052 1525 2119 di-

244 2158 406 2246 sciplinae
433 2161 561 2247 species
585 2163 865 2248 compararentur,
890 2181 1031 2248 quarum
1054 2161 1191 2228 nomina
1223 2163 1399 2228 occurrunt
1421 2162 1525 2227 uaria.

245 2265 393 2332 Priorem
424 2268 539 2333 autem
569 2266 679 2335 locum
710 2267 842 2334 obtinet
872 2268 1115 2352 categoriarum
1142 2266 1326 2355 disciplina,
1358 2288 1455 2355 quas,
1487 2272 1526 2334 ut

244 2373 390 2440 afferam
411 2373 621 2460 grauissima,
654 2377 793 2442 notatur
815 2374 919 2442 hisce:
952 2367 1180 2460 προηγουμένη
1211 2377 1300 2448 θέσις
1321 2381 1388 2440 τῶν
1410 2378 1527 2452 λέξεων

244 2481 325 2545 κατὰ
348 2487 413 2546 τῶν
431 2483 630 2565 πραγμάτων
652 2481 821 2570 (Porphyr.
837 2503 868 2568 p.
884 2481 937 2566 58,
947 2480 1003 2568 32)
1018 2521 1062 2528 —
1077 2485 1152 2566 πρ.“
1168 2485 1307 2566 σημασία
1322 2488 1387 2548 τῶν
1410 2484 1526 2557 λέξεων

245 2585 397 2673 (Dexipp.
420 2607 450 2673 p.
470 2586 585 2675 12,12)
607 2626 651 2636 —
674 2591 785 2673 πρώτη
809 2590 880 2672 περίΙ
906 2594 972 2654 τῶν
994 2594 1117 2672 φωνῶν
1139 2591 1335 2672 πραγματεία
1358 2587 1527 2675 (Porphyr.

245 2713 276 2778 p.
290 2692 440 2781 59,1)—
451 2697 526 2777 πρ.“
539 2696 663 2778 θεωρία
674 2693 1048 2781 (Dexipp.p.12,16)-
1058 2697 1134 2778 πρ.“
1147 2697 1285 2779 σημασία
1301 2693 1354 2779 (id.
1366 2716 1396 2782 p.
1410 2694 1527 2781 15,16)

246 2838 290 2848 —
313 2804 385 2884 τρί’
407 2802 495 2872 θέσις
517 2798 681 2887 (Ammon.
704 2823 735 2888 p.
752 2798 804 2885 14,
814 2800 879 2889 23).
912 2799 1142 2867 Elocutionem
1166 2803 1316 2886 δευτέραν
1338 2801 1528 2887 significant

248 2907 378 2992 antiqui
407 2907 608 2994 interpretes
640 2907 861 2994 disciplinam3
896 2905 935 2975 cf.
966 2909 1153 2994 praeterea:
1189 2910 1320 2992 δευτέρα
1350 2910 1439 2992 χρεία
1471 2915 1527 2973 τοῦ

246 3015 344 3097 λόγου
372 3012 522 3101 (Dexipp.
550 3036 581 3103 p.
603 3016 654 3099 15,
668 3014 730 3094 16).
785 3013 927 3081 Proinde
961 3034 1044 3081 caue
1080 3015 1322 3098 categoriarum
1356 3013 1527 3081 doctrinae

247 3121 376 3190 tribuas
409 3143 494 3208 quae
524 3122 657 3210 propria
690 3124 770 3188 sunt
804 3121 886 3188 artis
917 3121 1113 3204 rhetoricae,
1149 3119 1238 3209 quod
1269 3122 1382 3207 aperte
1413 3126 1529 3188 monet

247 3227 420 3314 Dexippus
435 3250 465 3315 p.
483 3229 535 3312 12,
545 3228 676 3316 9saqq.:
693 3231 832 3295 ...οὔθ’
846 3231 907 3294 ὅσα
918 3236 1082 3314 ποιητικῆς
1094 3233 1114 3312 ἢ
1127 3230 1297 3313 ῥητορικῆς
1313 3229 1376 3293 ἴδια
1391 3230 1529 3312 θεωρεῖν

248 3336 395 3418 οὐθαμοῦ
425 3338 580 3421 προσήκει
609 3362 636 3401 τι
665 3343 732 3408 ταῖς
762 3339 963 3421 κατηγορίαις
980 3357 986 3372 ·
1003 3337 1099 3420 ἄλλης
1128 3336 1189 3419 γὰρ
1211 3337 1354 3418 θεωρίας
1379 3340 1434 3418 τῆς
1456 3335 1529 3418 περί

248 3443 304 3526 τὴν
326 3444 408 3517 λέξιν
434 3443 660 3526 καὶδευτέρας
686 3444 723 3507 τὰ
750 3450 878 3508 τοιαῦτα
906 3445 1079 3526 γινώσκειν.
1124 3440 1178 3506 Ita
1207 3461 1269 3508 nec
1300 3441 1437 3508 nomina
1467 3445 1529 3506 aut

356 3620 375 3689 ¹)
393 3619 508 3676 Praeter
525 3619 714 3691 Porphyrium
732 3622 762 3673 et
780 3619 962 3691 Simplicium,
980 3622 1013 3673 ut
1031 3634 1089 3673 rem
1108 3617 1179 3673 satis
1191 3616 1336 3672 difficilem
1347 3616 1530 3689 probabiliter

249 3707 440 3780 expediamus,
466 3708 601 3765 adhibere
624 3723 774 3781 possumus
799 3724 872 3779 quae
896 3706 1027 3778 exposuit
1050 3706 1086 3762 de
1110 3707 1261 3777 categoriis
1285 3705 1452 3761 Ammonius
1476 3705 1529 3775 (ed

249 3797 339 3853 Busae
357 3797 386 3852 in
405 3797 562 3853 comment.
580 3797 609 3851 in
627 3797 744 3852 Aristot.
763 3797 820 3852 uol.
837 3796 876 3851 1v
893 3796 936 3865 4);
955 3795 1057 3851 deinde
1074 3811 1208 3864 magnam
1225 3793 1380 3850 utilitatem
1390 3795 1531 3865 praebent

249 3885 370 3959 Dexippi
392 3885 532 3942 Platonici
554 3885 675 3956 Ἀπορίαν
692 3888 738 3937 καί
756 3881 839 3941 λύσειε
856 3884 892 3941 sir
908 3881 955 3940 τὰς
968 3880 1161 3955 Ἀριστοτέλους
1179 3882 1347 3954 Κατηγορίατ
1364 3882 1419 3952 (sd.
1438 3883 1529 3938 Busse

249 3974 267 4030 1.
280 3990 302 4031 s.
314 3974 353 4030 1v
363 3975 404 4044 2);
424 3975 472 4047 qui
489 3975 581 4030 multa
599 3974 700 4040 habet,
720 3989 793 4046 quae
810 3973 848 4029 ad
866 3973 1053 4044 Porphyrium
1071 3972 1167 4044 aptius
1184 3971 1406 4042 intellegendum
1424 3971 1530 4027 ualent.

249 4064 328 4119 Idem
355 4080 517 4136 quanquam
544 4063 574 4118 in
592 4063 755 4119 uniuersum
773 4062 951 4118 aduersarios
970 4060 1077 4117 refutat
1095 4061 1213 4131 singulis
1231 4059 1391 4115 nominibus
1409 4059 1530 4125 omissis.

250 4154 347 4208 tamen
365 4153 420 4208 hac
438 4153 566 4224 opusculi
583 4155 672 4224 parte,
691 4167 747 4223 qua
764 4155 820 4208 τῶι
838 4152 887 4222 χρὴ
904 4147 952 4207 τὰς
968 4149 1125 4222 κατηγορίαι
1137 4149 1263 4220 εὑρίσκειν
1273 4151 1320 4201 καὶ
1330 4149 1368 4217 μη
1379 4147 1531 4218 ὑπάγεσθαι

249 4241 309 4298 ταῖς
329 4245 383 4294 τῶν
405 4245 532 4295 Στωϊκῶν
553 4241 676 4312 ἀπορίαις
700 4241 737 4312 (p.
752 4240 839 4307 11,ae
858 4240 902 4296 ed.
919 4240 1020 4309 Busae)
1039 4239 1173 4311 disputat,
1193 4237 1292 4294 eadem
1311 4253 1385 4308 quae
1403 4237 1530 4293 Atheno-

251 4331 336 4386 dorus
364 4334 394 4386 et
421 4330 561 4386 Cornutus
587 4331 724 4386 aduersus
751 4329 934 4385 Aristotelem
961 4328 1139 4400 protulerant
1167 4326 1338 4382 infirmanda
1364 4341 1459 4382 rursus
1476 4324 1531 4382 sibi

249 4423 611 4561 proposl'bltllutegoriarum
628 4491 731 4547 librum
754 4491 907 4561 genuinum
936 4505 996 4545 esse
1014 4487 1176 4544 Aristotelis
1201 4485 1368 4557 opusculum
1392 4502 1445 4542 suo
1473 4485 1531 4541 iure

251 4587 339 4650 negat
357 4580 456 4636 Prantl
474 4579 492 4635 l.
511 4596 580 4651 s.,p.
592 4579 646 4636 201
656 4595 715 4651 seq.
734 4579 796 4635 530.

359 4669 378 4738 ¹)
398 4669 462 4724 uide
480 4669 566 4740 paulo
584 4668 667 4726 iufra.
