3458 5100
579 1189 606 1302 Ι.
647 1190 725 1306 DE
760 1191 899 1308 vul*
930 1097 1250 1376 eouuvu
1349 1104 1354 1111 ·

344 1473 393 1540 De
416 1473 482 1540 uit
491 1474 716 1543 eGornuti
740 1423 943 1562 ίοείίιιιοιιὶο,
968 1502 1055 1567 quae
1086 1480 1130 1548 ad
1160 1485 1310 1550 nostram
1340 1489 1534 1554 memoriam

254 1583 489 1666 peruenerunt,
513 1581 598 1648 haec
621 1585 714 1649 sunt:

344 1685 506 1754 Suidess
519 1710 550 1754 ιι.
566 1690 970 1780 Κορνοιῖτος--Ηεεγολιίἰ
980 1693 1084 1762 Miles.
1101 1698 1279 1764 onomatol.
1291 1720 1321 1786 p.
1334 1699 1408 1785 123,
1419 1702 1461 1768 16
1474 1702 1532 1768 lu:

257 1793 410 1884 [οῦτοςδ
441 1793 597 1882 (delenda
620 1801 714 1883 sunl3
738 1800 779 1865 ef.
803 1821 835 1886 p.
858 1798 902 1890 7)]
934 1803 1153 1885 Κορνοῦτος
1174 1806 1275 1870 Λεπτί
1262 1809 1328 1891 ίτης
1357 1810 1533 1940 φιλόσοφος

256 1903 473 1987 (Λεπτλςῑλδὲ
495 1905 586 1977 πόλις
608 1905 757 1992 Λιβύης),
781 1909 922 1991 γεγονὼς
944 1911 979 1974 δν
993 1910 1100 1995 Ῥώμη
1125 1912 1175 1976 ἐπὶ
1189 1912 1355 1998 Νέρωνος,
1378 1916 1533 2000 καὶπρὸς

255 2012 352 2075 αῦτοῦ
376 2012 554 2094 ἀναιρεθείς
576 2013 633 2078 σὺν
656 2019 702 2096 τῷ
723 2014 923 2100 Μουσωνίῳ.
954 2018 1075 2100 ἔγραψε
1100 2019 1202 2083 πολλὰ
1234 2021 1395 2105 φιλόσοφό
1416 2048 1449 2088 τε
1479 2025 1532 2088 καί

242 2119 406 2202 Ιῥητορικά
433 2119 496 2199 (καί
519 2121 672 2204 ῥητορικά
695 2119 799 2187 Fleeh
822 2121 920 2188 alteri
944 2121 1088 2190 Cornuto
1112 2123 1213 2208 dedit,
1238 2123 1278 2192 de
1298 2148 1364 2213 quo
1381 2127 1532 2196 conferes

251 2245 282 2309 p.
305 2225 326 2290 7
351 2243 426 2290 eum
449 2223 545 2309 adn..)
620 2260 626 2274 ·

231 2342 234 2346 ’
341 2330 500 2418 Stephen.
523 2331 663 2420 Byzant.
688 2355 713 2400 s.
736 2357 768 2401 ιι
796 2335 956 2423 Θέστιςρ.
980 2336 1055 2420 312,
1075 2337 1116 2402 10
1131 2337 1242 2405 Μαίας
1265 2341 1355 2412 πόλις
1374 2342 1530 2426 Ἀράβων.

252 2440 306 2504 καί
329 2441 406 2522 ἄλλη
429 2440 614 2524 Λιβύηςδ
636 2444 768 2527 πολίτης
798 2446 949 2528 εκατέρος
977 2445 1132 2529 Θεστίτης.
1166 2443 1212 2534 [ἐκ
1241 2447 1276 2511 δὲ
1304 2454 1361 2530 τῆς
1387 2450 1531 2533 Λιβυκῆς

251 2549 498 2631 Κορνοῦτος
520 2550 700 2634 φιλόσοφος
727 2550 874 2636 Θεστίτης
895 2549 1120 2641 χρηματίζων]
1144 2551 1266 2633 (Verba
1288 2554 1383 2619 ἕκδδ
1405 2562 1460 2639 τῆς
1475 2607 1482 2618 .
1499 2606 1529 2622 ..

250 2659 455 2740 χρηματίζων
477 2654 613 2722 inclusit
635 2655 753 2740 Mem).

358 2761 517 2848 Stephan.
540 2761 680 2849 Byzent.
703 2784 729 2830 s.
745 2786 777 2830 ιι.
800 2767 907 2849 Τέργις
928 2787 959 2851 p.
980 2764 1054 2849 616,
1062 2764 1105 2831 23
1126 2765 1236 2831 Mein.:
1259 2767 1349 2839 πόλις
1371 2769 1404 2832 ἐν
1423 2769 1528 2852 Λιβύη

250 2869 333 2953 πρὸς
361 2879 400 2955 τῇ
430 2871 593 2953 Αἰθιοπίᾳ.
632 2870 667 2934 τὸ
698 2872 826 2937 ἕθνικδν
859 2873 1016 2957 Τεργίτης,
1055 2875 1102 2944 ὡς
1136 2879 1191 2958 τῆς
1219 2874 1336 2945 Λέπτις
1368 2875 1529 2959 Λεπτίτης,

251 2979 354 3048 οὕτως
388 2978 442 3042 καί
472 2979 491 3042 ὁ
521 2979 700 3063 φιλόσοφος
734 2979 956 3062 Κορνοῦτος
987 2981 1174 3064 ἐχρημάτιζε
1206 2981 1368 3065 Λεπτίνης.
1396 2981 1529 3062 ¹(Verba

253 3087 357 3155 οὕτως
378 3086 432 3149 καὶ
449 3135 456 3148 .
473 3136 504 3151 ..
527 3086 680 3170 Λεπτίτης
702 3084 840 3152 seclusit
863 3088 902 3152 ut
925 3085 1035 3153 aliena
1057 3086 1101 3152 ab
1124 3086 1188 3152 hoc
1210 3085 1282 3153 loce
1305 3085 1423 3169 Mein.).

356 3190 491 3256 Cassius
514 3191 576 3258 Dio
599 3191 687 3258 LXII
703 3193 791 3276 29,2
814 3192 867 3275 (III
889 3214 920 3280 p.
936 3193 979 3260 67
995 3192 1044 3260 ed.
1063 3193 1192 3275 Boiss.):
1216 3194 1477 3277 Παρεσκευάζετο
1494 3197 1528 3260 δὲ

250 3300 296 3369 ὡς
323 3298 377 3362 καλ
398 3299 454 3370 τὰς
475 3305 540 3364 τῶν
559 3300 729 3384 Ῥωμαίων
750 3303 881 3384 πράξας
903 3303 1028 3374 ἁπάσας
1050 3302 1248 3385 συγγράφων
1279 3306 1333 3383 (su.
1357 3303 1375 3365 ὁ
1398 3301 1527 3385 Νέρων)

250 3407 283 3470 δν
314 3408 427 3480 ἔπεσιν,
465 3407 520 3470 καί
548 3409 622 3487 περί
651 3432 685 3490 γε
714 3415 770 3472 τοῦ
800 3410 947 3492 πλήθους
975 3414 1041 3473 τῶν
1069 3409 1210 3492 βιβλίων,
1239 3408 1313 3491 πρὶν
1343 3408 1397 3472 καλ
1424 3410 1528 3473 δτωῦν

249 3515 355 3577 αὐτῶν
370 3514 539 3588 συνθεῖναι,
564 3516 729 3597 ἐσκέψατο,
752 3515 950 3599 παραλαβὼν
972 3517 1087 3586 ἄλλους
1108 3539 1140 3579 τε
1162 3515 1216 3579 καί
1238 3515 1406 3579 Ἀνναΐον
1424 3515 1526 3598 Κορ-

248 3627 384 3685 νοῦτον
422 3621 652 3704 εὐδοκιμοῦντα
689 3623 758 3686 τότε
789 3622 840 3686 ἐπί
869 3623 1003 3704 παιδείᾳ.
1041 3622 1095 3686 καλ
1124 3621 1221 3685 οῦτδν
1251 3622 1358 3704 ὀλίγου
1387 3622 1447 3705 μὲν
1474 3624 1528 3687 καὶ

249 3729 435 3808 ἀπέκτεινεν,
468 3730 500 3799 ἐς
531 3735 628 3812 νῆσον
652 3727 741 3793 δὀὖν
764 3729 917 3812 ἐνέβαλεν,
948 3729 994 3793 ὅτι
1023 3733 1117 3792 τινῶν
1143 3728 1326 3810 τετρακόσια
1352 3729 1527 3802 ἀξιούντων

249 3834 344 3899 αι’πδν
365 3837 469 3919 βιβλία
493 3837 622 3920 γράψαι,
654 3837 755 3900 πολλά
785 3860 817 3900 τε
840 3836 918 3900 αῦτὰ
941 3836 1017 3900 είναι
1040 3837 1102 3919 ἔφη
1126 3836 1180 3900 καί
1201 3835 1325 3919 μηδένα
1348 3834 1426 3900 αῦτδ
1449 3837 1525 3900 ἀνα-

247 3951 434 4030 γνώσεσθαι,
470 3945 526 4007 καί
552 3967 635 4013 τινος
665 3944 806 4014 εἰπόντος
836 3943 905 4007 ’καί
926 3943 992 4026 μὴν
1014 3942 1214 4026 Χρύσιππος,
1248 3943 1285 4006 ὃν
1312 3944 1446 4013 ἐπαινεῖς
1472 3943 1527 4006 καί

248 4065 362 4150 ζηλοῖς,
391 4058 472 4124 πολὺ
502 4055 601 4119 πλείω
634 4051 826 4134 σονίθηκεν’
850 4051 1039 4133 ἀπεκρίνατο
1070 4050 1116 4114 δτι
1142 4050 1225 4113 ’ἀλλ’
1254 4050 1357 4113 ἐκεῖνο
1385 4050 1526 4133 χρήσιμα

248 4179 295 4256 τῷ
325 4175 390 4235 τῶν
419 4164 607 4248 ἀνθρώπων
637 4159 699 4242 βίῳ
730 4159 833 4222 ἐστίν’.
880 4158 899 4220 ὁ
928 4156 988 4240 μὲν
1018 4154 1076 4221 οῦν
1097 4156 1318 4241 Κορνοῦτος
1343 4156 1450 4240 φυγὴν
1476 4157 1526 4221 δαί

248 4280 351 4361 τούτῳ
374 4274 482 4358 ὦφλεν
504 4268 592 4350 ’nl-’l

337 4455 358 4526 ι)
377 4451 469 4508 ceteri
496 4446 649 4515 scriptores
676 4441 796 4513 priorem
820 4440 904 4494 huius
932 4440 1011 4495 uoeie
1038 4439 1178 4510 syllabam
1204 4442 1319 4494 aculem
1342 4440 1525 4510 pronuntiare

249 4547 391 4610 solebant;
409 4542 445 4599 es.
463 4533 626 4606 Buecheler,
645 4547 716 4588 mue.
735 4528 826 4584 Rhen.
844 4529 973 4584 1101.le
991 4527 1079 4600 (1904)
1097 4546 1124 4600 p.
1142 4527 1204 4584 638.

352 4618 372 4687 ¹)
392 4615 428 4671 el.
447 4616 524 4673 Petr.
543 4613 621 4673 Patr.
641 4636 700 4676 exe.
713 4619 778 4676 Vat.
792 4618 828 4674 64
847 4618 892 4688 (ΠΙ
910 4635 937 4689 p.
949 4618 986 4674 68
1004 4619 1069 4673 adn.
1088 4617 1132 4673 ed.
1150 4617 1266 4686 Bolsel:
1294 4615 1347 4669 Ὀτι
1371 4613 1525 4687 ἐπαγγελλο-

246 4708 324 4775 μένου
348 4709 470 4780 Νέρωνος
496 4706 531 4765 ὥς
557 4706 714 4780 τετρακόσια
740 4708 851 4781 γράφειν
878 4705 970 4779 βιβλία
997 4704 1084 4762 πολλὰ
1107 4703 1173 4760 αὐτὰ
1197 4699 1263 4757 εἶναι
1290 4704 1341 4774 ἔφη
1376 4704 1525 4761 Ἀνναίοε
