3458 5100
725 311 948 380 ..73-

194 465 332 574 Bassus,
363 495 404 559 ut
432 492 487 558 ille
517 492 734 578 praepararet
764 489 961 577 opusculum
993 488 1036 556 ad
1064 488 1244 556 editionem
1268 487 1477 556 emendando

194 598 252 666 uel
273 598 448 687 paululum
471 595 643 682 mutando,
668 596 722 663 hic
743 597 815 684 ipse
831 595 946 663 ederet
960 595 1130 683 exemplar
1144 597 1372 662 retractatum.
1404 596 1477 678 Quo

195 707 237 774 de
259 705 380 790 legitur
402 705 437 771 in
459 704 565 771 Persii
587 705 661 770 uita
682 726 714 790 p.
729 702 783 788 59,
800 704 841 770 10
861 703 915 770 Β.;
937 702 1153 790 ‘scriptitauit
1176 705 1211 769 et
1232 722 1307 768 raro
1331 705 1366 769 et
1380 701 1478 768 tarde

194 814 251 899 (sc.
272 813 426 896 Persius).
449 811 539 878 hunc
561 810 672 897 ipsum
693 809 815 876 librum
837 809 1058 897 inperfectum
1078 809 1220 896 reliquit.
1236 829 1356 876 uersus
1373 807 1477 895 aliqui

196 919 321 1006 dempti
344 922 425 986 sunt
447 917 565 985 ultimo
588 916 682 999 libro,
710 919 750 983 ut
776 917 874 1003 quasi
895 916 1015 983 finitus
1039 919 1163 999 esset1)
1185 917 1306 983 leuiter
1328 915 1480 982 conrexit

196 1026 255 1108 (lta
292 1026 552 1094 Laurentianus:
591 1031 703 1092 contro
719 1047 736 1078 a
749 1032 780 1092 et
812 1023 868 1090 uel
902 1026 1064 1092 maurit
1083 1023 1152 1095 uel
1192 1025 1343 1092 recitauit
1383 1021 1476 1088 libri:

194 1135 383 1202 retractauit
404 1130 601 1213 Bouhsrius)
634 1130 801 1198 Cornutus
832 1134 867 1197 et
898 1130 1014 1197 (laesio
1038 1129 1145 1197 Basso
1176 1130 1315 1217 petenti,
1342 1132 1382 1196 ut
1403 1129 1477 1216 ipse

197 1239 320 1324 ederet,
343 1237 483 1306 tradidit
505 1235 689 1304 edendum?
724 1236 854 1304 Deinde
878 1236 1023 1303 Cornuto
1049 1240 1184 1303 auctore
1207 1257 1230 1302 a
1244 1239 1352 1303 matre
1368 1235 1478 1302 Illaoci

194 1349 272 1434 post
294 1349 435 1412 mortem
457 1347 578 1432 poetae
601 1364 688 1430 quae
712 1344 890 1431 scripserat
912 1340 1110 1410 adulescens
1134 1338 1266 1430 praeter
1285 1346 1477 1430 saturarum

194 1451 341 1520 libellum
366 1451 478 1519 deleta
500 1453 589 1518 sunt
635 1449 711 1531 Qua
733 1450 774 1517 de
797 1472 832 1517 re
855 1452 978 1517 iterum
1000 1450 1231 1537 disputantem
1255 1450 1369 1516 audire
1399 1449 1480 1516 licet

195 1561 288 1626 uitae
316 1562 486 1626 auctorem
508 1581 538 1646 p.
554 1559 608 1642 59,
622 1557 666 1623 20
688 1557 742 1624 Β.;
773 1557 963 1644 ‘scripserat
988 1560 1023 1623 in
1046 1559 1189 1644 pueritia
1211 1557 1350 1623 Flaccus
1373 1558 1476 1636 etiam

195 1669 408 1754 praetextam
439 1669 475 1733 et
496 1667 724 1752 hodoeporicon
733 1667 756 1748 ⁹)
789 1664 909 1732 librum
939 1686 1044 1731 unum
1078 1668 1113 1731 et
1138 1684 1264 1752 paucos
1286 1665 1321 1730 in
1344 1684 1478 1730 socnrm

196 1773 364 1840 Thraseae
387 1774 423 1839 in
444 1773 575 1840 Arriam
597 1775 740 1839 matrem
763 1792 893 1854 uersus,
918 1793 1004 1858 quae
1027 1792 1063 1838 se
1080 1775 1159 1838 ante
1175 1773 1285 1837 ulrum
1301 1771 1475 1838 occiderat.

196 1880 309 1946 omnia
339 1901 380 1946 ea
411 1882 528 1946 auctor
557 1879 622 1946 fuit
653 1878 819 1946 cornutus
850 1879 951 1946 matri
983 1878 1055 1945 eius
1087 1881 1126 1944 ut
1157 1877 1325 1945 aboleret'
1380 1877 1474 1958 Quod

196 2006 277 2053 uero
309 1985 475 2052 Cornutus
510 2006 646 2052 uersum
678 1989 815 2052 satirae
838 1985 853 2051 1
878 1986 940 2052 121
971 1983 1149 2051 ‘auriculas
1181 1984 1267 2052 asini
1296 1982 1386 2050 Mida
1415 2003 1477 2051 rex

195 2092 320 2176 habet,'
352 2092 411 2158 ubi
432 2092 532 2158 nimis
556 2095 669 2179 aperte
692 2093 859 2160 Neronem
882 2091 1062 2159 denotasse
1085 2095 1188 2178 poeta
1209 2091 1253 2158 ab
1275 2091 1349 2178 ipso
1372 2094 1475 2178 puta-

195 2200 305 2282 batur,
330 2200 511 2266 correxisse
534 2197 727 2286 perhibetur
749 2220 771 2265 a
794 2200 887 2265 uitae
917 2197 1076 2285 scriptore
1099 2198 1119 2264 l.
1143 2220 1168 2264 s.
1192 2200 1228 2264 et
1249 2221 1272 2264 a
1293 2197 1479 2265 scholiasta

196 2306 241 2372 ad
262 2306 353 2373 hunc
374 2326 510 2373 uersum
532 2307 590 2390 lta,
608 2312 647 2371 ut
662 2304 841 2386 ‘auriculas
857 2305 944 2371 asini
960 2305 1034 2392 quis
1049 2325 1117 2371 non
1134 2305 1275 2371 habet‘?³
1293 2304 1474 2390 scripsisse,

194 2412 229 2478 id
260 2413 349 2499 quod
378 2412 500 2496 legitur
529 2413 565 2478 in
594 2413 719 2478 nostris
750 2411 848 2478 hodie
872 2412 1128 2499 exemplaribus,
1158 2411 1295 2495 dicatur,
1320 2432 1382 2478 suo
1405 2411 1478 2478 iure

195 2518 433 2606 posterioribus
464 2518 783 2586 commentatoribus
816 2519 1008 2585 tribuerunt
1036 2518 1142 2585 Persii
1176 2517 1318 2584 editores
1328 2517 1353 2597 ⁸)
1387 2519 1478 2586 hano

195 2625 356 2709 fabulam,
389 2647 431 2692 ex
460 2647 566 2713 praua
593 2625 699 2692 totius
724 2628 859 2693 saturae
882 2624 1003 2692 indolis
1025 2625 1302 2712 interpretatione
1325 2625 1479 2711 potitam.

195 2731 329 2799 Etenim
359 2731 441 2798 Illud
470 2733 654 2800 tenendum
685 2736 737 2800 est
764 2733 915 2800 Persium
944 2753 1013 2799 non
1043 2732 1146 2800 unius
1173 2752 1335 2820 personae
1366 2752 1480 2799 mores

197 2839 364 2926 improbos
388 2838 443 2905 uel
465 2841 581 2926 inepta
603 2838 717 2907 studia
738 2839 938 2924 castiganda
960 2839 1024 2906 sibi
1046 2840 1267 2927 proposuisse,
1292 2837 1351 2905 sed
1370 2841 1480 2906 totius

198 2947 320 3013 aetatis
343 2967 427 3012 suae
450 2948 675 3033 omniumque,
707 2948 763 3034 qui
789 2947 890 3014 rebus
912 2946 1070 3013 inanibus
1094 2950 1129 3012 et
1150 2946 1317 3033 probrosis
1341 2967 1476 3032 operam

198 3052 334 3139 dabant,
357 3052 606 3140 improbitatem
630 3056 665 3120 et
686 3054 872 3140 nequitiam
895 3053 1098 3137 obiurgasse.

303 3175 445 3244 Peracta
468 3177 665 3264 quaestione
689 3176 730 3244 de
754 3176 954 3264 quibusdam
969 3176 1050 3243 locis
1073 3176 1220 3243 breuiter
1242 3175 1475 3243 adnotandum

198 3305 271 3350 esse
295 3304 425 3366 censeo,
449 3285 505 3370 qui
529 3304 721 3370 quanquam
743 3304 824 3370 prae
847 3303 883 3349 se
906 3283 1020 3350 ferunt
1043 3282 1179 3349 (lomuti
1201 3303 1334 3369 nomen,
1359 3286 1475 3351 tamen

196 3389 244 3455 nil
266 3390 436 3476 pertinent
465 3391 510 3457 ad
540 3390 575 3457 L.
599 3392 777 3457 Annaeum
801 3390 992 3457 Cornutum.
1037 3390 1149 3476 Atque
1176 3391 1319 3477 primum
1342 3390 1478 3477 quidem

196 3496 344 3563 Marcum
361 3496 545 3563 Cornutum
561 3519 582 3564 a
597 3496 803 3582 Fulgenti04)
820 3496 1038 3583 expositionis
1054 3517 1245 3564 sermonum
1261 3498 1474 3585 antiquorum

198 3623 268 3690 cap.
285 3603 329 3669 20
359 3626 389 3690 p.
407 3603 481 3686 117,
493 3603 533 3669 16
556 3603 654 3671 Helm
685 3604 897 3692 impudenter
931 3604 1113 3671 confictum
1143 3606 1306 3691 tanquam
1337 3607 1481 3670 saturae

198 3709 390 3796 scriptorem
413 3732 474 3777 suo
498 3711 569 3777 iure
591 3711 778 3778 reiecerunt
800 3710 884 3778 Iahn
905 3711 942 3776 in
957 3710 1062 3778 Persii
1083 3711 1225 3799 prolegg.
1241 3731 1271 3797 p.
1288 3709 1396 3776 XXIII
1408 3731 1474 3796 seq.

305 3887 324 3956 ¹)
344 3889 387 3943 De
413 3887 508 3943 indole
536 3887 618 3944 huius
644 3889 815 3945 narrationis
842 3888 1005 3945 conferatur
1031 3889 1076 3944 I'r.
1095 3889 1174 3943 Marx
1200 3886 1276 3959 apud
1304 3887 1475 3944 Wissowam

197 3975 252 4031 ¹¹0¹·
271 3976 284 4031 Ι
300 3992 328 4135 ll
341 3976 537 4121 ltzaaelefftituit
564 4065 658 4121 locu'm
676 4069 838 4139 conuptum
856 4066 1005 4122 Pithoeus:
1025 4071 1050 4122 ct
1066 4065 1139 4122 accio
1157 4070 1183 4121 et
1201 4066 1292 4136 operio
1312 4065 1473 4121 tiernensis:

114 4209 120 4222 ‚
196 4155 283 4210 mdo
301 4159 327 4210 ct
344 4155 468 4228 operteat
485 4154 595 4225 plurimi
612 4153 683 4211 libri

304 4244 323 4313 ⁸)
342 4243 379 4299 cf.
398 4244 427 4299 0.
440 4243 471 4299 II.
484 4243 626 4309 Heinrich,
645 4244 689 4299 ed.
707 4244 783 4316 Llps.
804 4243 875 4304 1844
892 4245 928 4300 ab
946 4244 1052 4300 Ottone
1069 4243 1140 4299 Iahn
1159 4246 1266 4310 curata,
1285 4261 1312 4316 p.
1327 4243 1380 4299 112
1397 4242 1435 4299 ad
1447 4260 1475 4298 u.

197 4348 220 4386 s.
239 4348 262 4388 s.
299 4332 328 4387 0.
347 4332 378 4387 F.
397 4332 548 4400 Hermann,
577 4332 620 4389 eu.
645 4332 722 4404 Lips.
752 4333 828 4399 1854,
857 4332 946 4404 praef.
974 4350 1001 4404 p.
1019 4333 1053 4388 X.
1090 4332 1109 4387 1.
1128 4331 1229 4398 Albini,
1257 4332 1334 4388 studi
1360 4332 1422 4389 Ital.
1446 4332 1478 4386 di

196 4419 265 4477 lilol.
285 4421 366 4477 class.
385 4422 410 4476 11
429 4419 517 4493 (1894)
536 4437 563 4493 p.
575 4421 638 4477 356.
675 4421 707 4476 G.
726 4421 876 4492 Nemethy‚
896 4421 940 4476 ed.
958 4421 1113 4493 Budapest.
1134 4419 1213 4486 1903,
1232 4437 1258 4493 p.
1274 4420 1334 4476 110.

303 4510 324 4580 ⁴)
342 4510 486 4580 Leguntur
504 4509 588 4565 haec:
608 4508 684 4565 ‘nam
703 4514 732 4566 et
750 4512 862 4567 Marcus
872 4511 1013 4567 Cornutus
1031 4509 1177 4581 (amnes
1196 4510 1278 4566 codd.
1290 4508 1479 4566 Parisini242

196 4615 218 4654 s.
237 4599 276 4654 IX
295 4601 325 4654 et
343 4598 414 4654 3088
436 4598 505 4669 ext
533 4598 562 4654 ln
590 4599 680 4655 satira
706 4599 747 4656 elo
772 4600 827 4656 ait:
859 4600 983 4657 tilliutlcs
1010 4599 1179 4670 (teatialllcrr
1206 4615 1363 4656 consensus
1392 4598 1478 4655 codd-

195 4687 294 4744 classis
312 4691 338 4758 β)
356 4687 458 4744 Flacco
476 4689 513 4745 do
531 4686 602 4744 tibi.³
