<?xml version="1.0" encoding="UTF-8"?>
<!DOCTYPE html PUBLIC "-//W3C//DTD XHTML 1.0 Transitional//EN"
    "http://www.w3.org/TR/xhtml1/DTD/xhtml1-transitional.dtd">
<html xmlns="http://www.w3.org/1999/xhtml" xml:lang="en" lang="en">
 <head>
  <title>
</title>
<meta http-equiv="Content-Type" content="text/html;charset=utf-8" />
  <meta name='ocr-system' content='tesseract 3.04.00' />
  <meta name='ocr-capabilities' content='ocr_page ocr_carea ocr_par ocr_line ocrx_word'/>
</head>
<body>
  <div class='ocr_page' id='page_1' title='image "./delannaeocornut00reppgoog_0051.png"; bbox 0 0 3458 5100; ppageno 0'>
   <div class='ocr_carea' id='block_1_1' title="bbox 768 266 991 334">
    <p class='ocr_par' dir='ltr' id='par_1_1' title="bbox 768 266 991 334">
     <span class='ocr_line' id='line_1_1' title="bbox 768 266 991 334; baseline 0 -20"><span class='ocrx_word' id='word_1_1' title='bbox 768 266 991 334; x_wconf 63' lang='lat'><strong>„42-</strong></span> 
     </span>
    </p>
   </div>
   <div class='ocr_carea' id='block_1_2' title="bbox 239 442 1529 3612">
    <p class='ocr_par' dir='ltr' id='par_1_2' title="bbox 239 442 1529 3612">
     <span class='ocr_line' id='line_1_2' title="bbox 239 442 1521 532; baseline 0.001 -22"><span class='ocrx_word' id='word_1_2' title='bbox 239 445 397 512; x_wconf 89' lang='lat' dir='ltr'><strong>mutilata</strong></span> <span class='ocrx_word' id='word_1_3' title='bbox 412 443 600 511; x_wconf 83' lang='lat' dir='ltr'><strong>afferantur</strong></span> <span class='ocrx_word' id='word_1_4' title='bbox 614 443 816 512; x_wconf 79' lang='lat' dir='ltr'><strong>scholiastae</strong></span> <span class='ocrx_word' id='word_1_5' title='bbox 828 442 1032 512; x_wconf 80' lang='lat' dir='ltr'>Veronensis</span> <span class='ocrx_word' id='word_1_6' title='bbox 1047 444 1152 511; x_wconf 89' lang='lat' dir='ltr'><strong>uerba</strong></span> <span class='ocrx_word' id='word_1_7' title='bbox 1158 447 1191 528; x_wconf 81' lang='lat'><strong>²),</strong></span> <span class='ocrx_word' id='word_1_8' title='bbox 1216 447 1245 512; x_wconf 90' lang='lat' dir='ltr'><strong>si</strong></span> <span class='ocrx_word' id='word_1_9' title='bbox 1261 445 1340 532; x_wconf 92' lang='lat' dir='ltr'><strong>quid</strong></span> <span class='ocrx_word' id='word_1_10' title='bbox 1356 445 1521 513; x_wconf 86' lang='lat' dir='ltr'><strong>coniectu-</strong></span> 
     </span>
     <span class='ocr_line' id='line_1_3' title="bbox 239 550 1521 639; baseline 0 -21"><span class='ocrx_word' id='word_1_11' title='bbox 239 573 277 618; x_wconf 91' lang='lat' dir='ltr'><strong>ra</strong></span> <span class='ocrx_word' id='word_1_12' title='bbox 308 551 442 638; x_wconf 79' lang='lat' dir='ltr'><strong>assequi</strong></span> <span class='ocrx_word' id='word_1_13' title='bbox 471 550 559 634; x_wconf 87' lang='lat' dir='ltr'><strong>licet,</strong></span> <span class='ocrx_word' id='word_1_14' title='bbox 591 561 709 618; x_wconf 88' lang='lat' dir='ltr'><strong>contra</strong></span> <span class='ocrx_word' id='word_1_15' title='bbox 731 550 962 635; x_wconf 86' lang='lat' dir='ltr'><strong>Ribbeckium,</strong></span> <span class='ocrx_word' id='word_1_16' title='bbox 986 551 1128 638; x_wconf 91' lang='lat' dir='ltr'><strong>prolegg.</strong></span> <span class='ocrx_word' id='word_1_17' title='bbox 1161 574 1191 639; x_wconf 92' lang='lat' dir='ltr'><strong>p.</strong></span> <span class='ocrx_word' id='word_1_18' title='bbox 1217 552 1290 638; x_wconf 82' lang='lat'>126,</span> <span class='ocrx_word' id='word_1_19' title='bbox 1325 553 1383 638; x_wconf 92' lang='lat' dir='ltr'><strong>qui</strong></span> <span class='ocrx_word' id='word_1_20' title='bbox 1409 553 1521 620; x_wconf 91' lang='lat' dir='ltr'><strong>uerbis</strong></span> 
     </span>
     <span class='ocr_line' id='line_1_4' title="bbox 241 656 1522 747; baseline 0.001 -23"><span class='ocrx_word' id='word_1_21' title='bbox 241 657 515 742; x_wconf 59' lang='lat' dir='ltr'><strong>distinguendae</strong></span> <span class='ocrx_word' id='word_1_22' title='bbox 543 678 680 745; x_wconf 90' lang='lat' dir='ltr'><strong>operam</strong></span> <span class='ocrx_word' id='word_1_23' title='bbox 706 656 837 724; x_wconf 79' lang='lat' dir='ltr'><strong>dedisse</strong></span> <span class='ocrx_word' id='word_1_24' title='bbox 861 657 924 724; x_wconf 92' lang='lat' dir='ltr'><strong>hoc</strong></span> <span class='ocrx_word' id='word_1_25' title='bbox 946 658 1019 725; x_wconf 84' lang='lat' dir='ltr'><strong>loco</strong></span> <span class='ocrx_word' id='word_1_26' title='bbox 1035 657 1219 725; x_wconf 80' lang='lat' dir='ltr'><strong>Cornutum</strong></span> <span class='ocrx_word' id='word_1_27' title='bbox 1233 662 1343 746; x_wconf 85' lang='lat' dir='ltr'><strong>putat,</strong></span> <span class='ocrx_word' id='word_1_28' title='bbox 1368 660 1522 747; x_wconf 88' lang='lat' dir='ltr'><strong>equidem</strong></span> 
     </span>
     <span class='ocr_line' id='line_1_5' title="bbox 240 757 1523 852; baseline -0.003 -16"><span class='ocrx_word' id='word_1_29' title='bbox 240 765 304 836; x_wconf 84' lang='lat' dir='ltr'><strong>hoc</strong></span> <span class='ocrx_word' id='word_1_30' title='bbox 325 765 425 833; x_wconf 92' lang='lat' dir='ltr'><strong>modo</strong></span> <span class='ocrx_word' id='word_1_31' title='bbox 450 757 686 852; x_wconf 88' lang='lat' dir='ltr'><strong>explicauerim</strong></span> <span class='ocrx_word' id='word_1_32' title='bbox 707 765 883 850; x_wconf 85' lang='lat' dir='ltr'><strong>rationem,</strong></span> <span class='ocrx_word' id='word_1_33' title='bbox 915 786 1002 852; x_wconf 91' lang='lat' dir='ltr'><strong>quae</strong></span> <span class='ocrx_word' id='word_1_34' title='bbox 1024 765 1200 833; x_wconf 90' lang='lat' dir='ltr'><strong>intercedit</strong></span> <span class='ocrx_word' id='word_1_35' title='bbox 1229 766 1318 833; x_wconf 92' lang='lat' dir='ltr'><strong>inter</strong></span> <span class='ocrx_word' id='word_1_36' title='bbox 1339 766 1523 833; x_wconf 81' lang='lat' dir='ltr'><strong>Gomutum</strong></span> 
     </span>
     <span class='ocr_line' id='line_1_6' title="bbox 241 870 1524 958; baseline -0.004 -16"><span class='ocrx_word' id='word_1_37' title='bbox 241 876 277 944; x_wconf 86' lang='lat' dir='ltr'><strong>et</strong></span> <span class='ocrx_word' id='word_1_38' title='bbox 299 871 544 940; x_wconf 88' lang='lat' dir='ltr'><strong>aduersarium:</strong></span> <span class='ocrx_word' id='word_1_39' title='bbox 575 874 717 958; x_wconf 86' lang='lat' dir='ltr'><strong>apparet</strong></span> <span class='ocrx_word' id='word_1_40' title='bbox 746 891 788 936; x_wconf 91' lang='lat' dir='ltr'><strong>ex</strong></span> <span class='ocrx_word' id='word_1_41' title='bbox 818 870 1009 957; x_wconf 75' lang='lat' dir='ltr'><strong>interpretis</strong></span> <span class='ocrx_word' id='word_1_42' title='bbox 1032 871 1235 938; x_wconf 86' lang='lat' dir='ltr'><strong>Veronensis</strong></span> <span class='ocrx_word' id='word_1_43' title='bbox 1265 871 1318 938; x_wconf 92' lang='lat' dir='ltr'><strong>his</strong></span> <span class='ocrx_word' id='word_1_44' title='bbox 1341 873 1453 939; x_wconf 91' lang='lat' dir='ltr'><strong>uerbis</strong></span> <span class='ocrx_word' id='word_1_45' title='bbox 1476 873 1524 937; x_wconf 79' lang='lat' dir='ltr'><strong>‘in</strong></span> 
     </span>
     <span class='ocr_line' id='line_1_7' title="bbox 242 977 1523 1066; baseline -0.001 -22"><span class='ocrx_word' id='word_1_46' title='bbox 242 979 323 1047; x_wconf 90' lang='lat' dir='ltr'><strong>deos</strong></span> <span class='ocrx_word' id='word_1_47' title='bbox 355 979 486 1045; x_wconf 89' lang='lat' dir='ltr'><strong>saeuire</strong></span> <span class='ocrx_word' id='word_1_48' title='bbox 516 977 658 1046; x_wconf 83' lang='lat' dir='ltr'><strong>Famam</strong></span> <span class='ocrx_word' id='word_1_49' title='bbox 688 978 817 1058; x_wconf 86' lang='lat' dir='ltr'><strong>creauit</strong></span> <span class='ocrx_word' id='word_1_50' title='bbox 847 981 902 1060; x_wconf 90' lang='lat' dir='ltr'><strong>(sc.</strong></span> <span class='ocrx_word' id='word_1_51' title='bbox 932 978 1035 1045; x_wconf 79' lang='lat' dir='ltr'><strong>Terra</strong></span> <span class='ocrx_word' id='word_1_52' title='bbox 1064 983 1207 1065; x_wconf 84' lang='lat' dir='ltr'><strong>parens),</strong></span> <span class='ocrx_word' id='word_1_53' title='bbox 1239 1000 1298 1066; x_wconf 92' lang='lat' dir='ltr'><strong>per</strong></span> <span class='ocrx_word' id='word_1_54' title='bbox 1328 999 1429 1066; x_wconf 86' lang='lat' dir='ltr'><strong>quam</strong></span> <span class='ocrx_word' id='word_1_55' title='bbox 1452 1029 1459 1044; x_wconf 90' lang='lat'><strong>.</strong></span> <span class='ocrx_word' id='word_1_56' title='bbox 1485 1029 1523 1043; x_wconf 93' lang='lat'><strong>..</strong></span> 
     </span>
     <span class='ocr_line' id='line_1_8' title="bbox 240 1084 1523 1170; baseline -0.005 -13"><span class='ocrx_word' id='word_1_57' title='bbox 240 1086 325 1157; x_wconf 85' lang='lat' dir='ltr'><strong>haec</strong></span> <span class='ocrx_word' id='word_1_58' title='bbox 346 1085 444 1153; x_wconf 88' lang='lat' dir='ltr'><strong>nobis</strong></span> <span class='ocrx_word' id='word_1_59' title='bbox 467 1084 737 1168; x_wconf 77' lang='lat' dir='ltr'><strong>innotescerent,</strong></span> <span class='ocrx_word' id='word_1_60' title='bbox 762 1084 803 1151; x_wconf 95' lang='lat' dir='ltr'><strong>de</strong></span> <span class='ocrx_word' id='word_1_61' title='bbox 816 1084 938 1152; x_wconf 79' lang='lat' dir='ltr'><strong>&#39;lernae</strong></span> <span class='ocrx_word' id='word_1_62' title='bbox 961 1087 1079 1152; x_wconf 89' lang='lat' dir='ltr'><strong>contra</strong></span> <span class='ocrx_word' id='word_1_63' title='bbox 1102 1084 1182 1151; x_wconf 90' lang='lat' dir='ltr'><strong>deos</strong></span> <span class='ocrx_word' id='word_1_64' title='bbox 1204 1086 1254 1152; x_wconf 89' lang='lat' dir='ltr'><strong>ira</strong></span> <span class='ocrx_word' id='word_1_65' title='bbox 1278 1087 1442 1170; x_wconf 79' lang='lat' dir='ltr'><strong>cogitasse</strong></span> <span class='ocrx_word' id='word_1_66' title='bbox 1457 1087 1523 1150; x_wconf 88' lang='lat' dir='ltr'><strong>As-</strong></span> 
     </span>
     <span class='ocr_line' id='line_1_9' title="bbox 241 1190 1523 1279; baseline -0.002 -18"><span class='ocrx_word' id='word_1_67' title='bbox 241 1213 345 1279; x_wconf 87' lang='lat' dir='ltr'><strong>prum.</strong></span> <span class='ocrx_word' id='word_1_68' title='bbox 392 1191 488 1275; x_wconf 81' lang='lat' dir='ltr'><strong>Quod</strong></span> <span class='ocrx_word' id='word_1_69' title='bbox 511 1193 635 1260; x_wconf 84' lang='lat' dir='ltr'><strong>attinet</strong></span> <span class='ocrx_word' id='word_1_70' title='bbox 657 1191 702 1259; x_wconf 90' lang='lat' dir='ltr'><strong>ad</strong></span> <span class='ocrx_word' id='word_1_71' title='bbox 724 1192 812 1259; x_wconf 91' lang='lat' dir='ltr'><strong>hanc</strong></span> <span class='ocrx_word' id='word_1_72' title='bbox 834 1192 928 1277; x_wconf 88' lang='lat' dir='ltr'><strong>iram,</strong></span> <span class='ocrx_word' id='word_1_73' title='bbox 953 1190 1075 1279; x_wconf 82' lang='lat' dir='ltr'><strong>duplici</strong></span> <span class='ocrx_word' id='word_1_74' title='bbox 1097 1190 1196 1260; x_wconf 91' lang='lat' dir='ltr'><strong>modo</strong></span> <span class='ocrx_word' id='word_1_75' title='bbox 1218 1192 1424 1260; x_wconf 85' lang='lat' dir='ltr'><strong>intellexisse</strong></span> <span class='ocrx_word' id='word_1_76' title='bbox 1447 1213 1523 1258; x_wconf 91' lang='lat' dir='ltr'><strong>uer-</strong></span> 
     </span>
     <span class='ocr_line' id='line_1_10' title="bbox 240 1297 1525 1386; baseline -0.001 -21"><span class='ocrx_word' id='word_1_77' title='bbox 240 1301 360 1367; x_wconf 88' lang='lat' dir='ltr'><strong>borum</strong></span> <span class='ocrx_word' id='word_1_78' title='bbox 397 1319 563 1366; x_wconf 86' lang='lat' dir='ltr'><strong>conexum</strong></span> <span class='ocrx_word' id='word_1_79' title='bbox 601 1299 758 1386; x_wconf 89' lang='lat' dir='ltr'><strong>antiquos</strong></span> <span class='ocrx_word' id='word_1_80' title='bbox 795 1299 992 1385; x_wconf 85' lang='lat' dir='ltr'><strong>interpretes</strong></span> <span class='ocrx_word' id='word_1_81' title='bbox 1034 1297 1267 1365; x_wconf 88' lang='lat' dir='ltr'><strong>demonstrant</strong></span> <span class='ocrx_word' id='word_1_82' title='bbox 1304 1319 1380 1364; x_wconf 89' lang='lat' dir='ltr'><strong>cum</strong></span> <span class='ocrx_word' id='word_1_83' title='bbox 1418 1297 1525 1365; x_wconf 84' lang='lat' dir='ltr'><strong>Seruii</strong></span> 
     </span>
     <span class='ocr_line' id='line_1_11' title="bbox 241 1403 1525 1492; baseline -0.001 -20"><span class='ocrx_word' id='word_1_84' title='bbox 241 1405 348 1473; x_wconf 91' lang='lat' dir='ltr'><strong>uerba</strong></span> <span class='ocrx_word' id='word_1_85' title='bbox 370 1405 414 1472; x_wconf 88' lang='lat' dir='ltr'><strong>ad</strong></span> <span class='ocrx_word' id='word_1_86' title='bbox 436 1404 457 1471; x_wconf 90' lang='lat' dir='ltr'><strong>l.</strong></span> <span class='ocrx_word' id='word_1_87' title='bbox 480 1426 522 1472; x_wconf 86' lang='lat' dir='ltr'><strong>s:</strong></span> <span class='ocrx_word' id='word_1_88' title='bbox 545 1405 632 1471; x_wconf 82' lang='lat' dir='ltr'>‘IRA</span> <span class='ocrx_word' id='word_1_89' title='bbox 654 1404 865 1473; x_wconf 79' lang='lat' dir='ltr'>INRI&#39;PATA</span> <span class='ocrx_word' id='word_1_90' title='bbox 885 1403 1066 1472; x_wconf 78' lang='lat' dir='ltr'><strong>Daonvn</strong></span> <span class='ocrx_word' id='word_1_91' title='bbox 1089 1404 1304 1492; x_wconf 90' lang='lat' dir='ltr'><strong>amphibolon</strong></span> <span class='ocrx_word' id='word_1_92' title='bbox 1327 1410 1388 1492; x_wconf 83' lang='lat' dir='ltr'><strong>est,</strong></span> <span class='ocrx_word' id='word_1_93' title='bbox 1410 1408 1525 1472; x_wconf 89' lang='lat' dir='ltr'><strong>utrum</strong></span> 
     </span>
     <span class='ocr_line' id='line_1_12' title="bbox 242 1511 1524 1599; baseline -0.001 -20"><span class='ocrx_word' id='word_1_94' title='bbox 242 1534 306 1580; x_wconf 89' lang='lat' dir='ltr'><strong>sua</strong></span> <span class='ocrx_word' id='word_1_95' title='bbox 328 1513 379 1580; x_wconf 90' lang='lat' dir='ltr'><strong>ira</strong></span> <span class='ocrx_word' id='word_1_96' title='bbox 400 1515 536 1599; x_wconf 88' lang='lat' dir='ltr'><strong>propter</strong></span> <span class='ocrx_word' id='word_1_97' title='bbox 558 1511 727 1579; x_wconf 88' lang='lat' dir='ltr'><strong>extinctos</strong></span> <span class='ocrx_word' id='word_1_98' title='bbox 749 1511 906 1596; x_wconf 86' lang='lat' dir='ltr'><strong>gigantas</strong></span> <span class='ocrx_word' id='word_1_99' title='bbox 929 1532 974 1579; x_wconf 91' lang='lat' dir='ltr'><strong>an</strong></span> <span class='ocrx_word' id='word_1_100' title='bbox 997 1511 1070 1578; x_wconf 83' lang='lat' dir='ltr'><strong>“ira</strong></span> <span class='ocrx_word' id='word_1_101' title='bbox 1093 1511 1230 1579; x_wconf 90' lang='lat' dir='ltr'><strong>deorum</strong></span> <span class='ocrx_word' id='word_1_102' title='bbox 1252 1513 1421 1596; x_wconf 86' lang='lat' dir='ltr'><strong>inritata&#39;&#39;‚</strong></span> <span class='ocrx_word' id='word_1_103' title='bbox 1437 1532 1524 1599; x_wconf 88' lang='lat' dir='ltr'><strong>quae</strong></span> 
     </span>
     <span class='ocr_line' id='line_1_13' title="bbox 243 1617 1524 1705; baseline -0.003 -17"><span class='ocrx_word' id='word_1_104' title='bbox 243 1620 435 1690; x_wconf 80' lang='lat' dir='ltr'><strong>extinxerat</strong></span> <span class='ocrx_word' id='word_1_105' title='bbox 467 1620 645 1704; x_wconf 70' lang='lat' dir='ltr'><strong>gigantas,</strong></span> <span class='ocrx_word' id='word_1_106' title='bbox 684 1621 759 1685; x_wconf 90' lang='lat' dir='ltr'><strong>turn</strong></span> <span class='ocrx_word' id='word_1_107' title='bbox 789 1639 876 1705; x_wconf 91' lang='lat' dir='ltr'><strong>quae</strong></span> <span class='ocrx_word' id='word_1_108' title='bbox 907 1617 1023 1685; x_wconf 90' lang='lat' dir='ltr'><strong>addita</strong></span> <span class='ocrx_word' id='word_1_109' title='bbox 1055 1621 1136 1684; x_wconf 90' lang='lat' dir='ltr'><strong>sunt</strong></span> <span class='ocrx_word' id='word_1_110' title='bbox 1164 1618 1200 1685; x_wconf 93' lang='lat' dir='ltr'><strong>in</strong></span> <span class='ocrx_word' id='word_1_111' title='bbox 1223 1618 1406 1686; x_wconf 87' lang='lat' dir='ltr'><strong>Danielinis</strong></span> <span class='ocrx_word' id='word_1_112' title='bbox 1437 1639 1524 1704; x_wconf 91' lang='lat' dir='ltr'><strong>quae</strong></span> 
     </span>
     <span class='ocr_line' id='line_1_14' title="bbox 245 1723 1526 1812; baseline -0.002 -19"><span class='ocrx_word' id='word_1_113' title='bbox 245 1726 402 1793; x_wconf 88' lang='lat' dir='ltr'><strong>dicuntur</strong></span> <span class='ocrx_word' id='word_1_114' title='bbox 425 1724 559 1792; x_wconf 90' lang='lat' dir='ltr'><strong>scholiis</strong></span> <span class='ocrx_word' id='word_1_115' title='bbox 582 1724 650 1791; x_wconf 86' lang='lat' dir='ltr'><strong>‘uel</strong></span> <span class='ocrx_word' id='word_1_116' title='bbox 671 1723 746 1792; x_wconf 93' lang='lat' dir='ltr'><strong>ideo</strong></span> <span class='ocrx_word' id='word_1_117' title='bbox 770 1725 842 1790; x_wconf 79' lang='lat' dir='ltr'><strong>“ira</strong></span> <span class='ocrx_word' id='word_1_118' title='bbox 865 1724 1035 1808; x_wconf 84' lang='lat' dir='ltr'><strong>deorum&#39;&#39;,</strong></span> <span class='ocrx_word' id='word_1_119' title='bbox 1059 1725 1149 1812; x_wconf 92' lang='lat' dir='ltr'><strong>quod</strong></span> <span class='ocrx_word' id='word_1_120' title='bbox 1170 1725 1205 1790; x_wconf 94' lang='lat' dir='ltr'><strong>in</strong></span> <span class='ocrx_word' id='word_1_121' title='bbox 1229 1747 1305 1793; x_wconf 89' lang='lat' dir='ltr'><strong>eam</strong></span> <span class='ocrx_word' id='word_1_122' title='bbox 1326 1725 1468 1792; x_wconf 78' lang='lat' dir='ltr'><strong>fulmina</strong></span> <span class='ocrx_word' id='word_1_123' title='bbox 1491 1729 1526 1790; x_wconf 90' lang='lat' dir='ltr'><strong>et</strong></span> 
     </span>
     <span class='ocr_line' id='line_1_15' title="bbox 243 1830 1524 1920; baseline -0.002 -21"><span class='ocrx_word' id='word_1_124' title='bbox 243 1831 422 1920; x_wconf 87' lang='lat' dir='ltr'><strong>grandines</strong></span> <span class='ocrx_word' id='word_1_125' title='bbox 454 1830 495 1898; x_wconf 94' lang='lat' dir='ltr'><strong>de</strong></span> <span class='ocrx_word' id='word_1_126' title='bbox 526 1831 619 1900; x_wconf 87' lang='lat' dir='ltr'><strong>caelo</strong></span> <span class='ocrx_word' id='word_1_127' title='bbox 651 1831 795 1899; x_wconf 77' lang='lat' dir='ltr'><strong>cadunt.³</strong></span> <span class='ocrx_word' id='word_1_128' title='bbox 841 1832 913 1898; x_wconf 87' lang='lat' dir='ltr'><strong>Iam</strong></span> <span class='ocrx_word' id='word_1_129' title='bbox 944 1832 1098 1898; x_wconf 90' lang='lat' dir='ltr'><strong>uidemus</strong></span> <span class='ocrx_word' id='word_1_130' title='bbox 1122 1831 1295 1900; x_wconf 81' lang='lat' dir='ltr'><strong>dubitasse</strong></span> <span class='ocrx_word' id='word_1_131' title='bbox 1319 1835 1524 1900; x_wconf 89' lang='lat' dir='ltr'><strong>commenta·</strong></span> 
     </span>
     <span class='ocr_line' id='line_1_16' title="bbox 243 1937 1524 2024; baseline -0.002 -18"><span class='ocrx_word' id='word_1_132' title='bbox 243 1945 333 2006; x_wconf 90' lang='lat' dir='ltr'><strong>tores</strong></span> <span class='ocrx_word' id='word_1_133' title='bbox 356 1941 470 2006; x_wconf 88' lang='lat' dir='ltr'><strong>utrum</strong></span> <span class='ocrx_word' id='word_1_134' title='bbox 493 1938 726 2022; x_wconf 84' lang='lat' dir='ltr'><strong>subiectiuam,</strong></span> <span class='ocrx_word' id='word_1_135' title='bbox 750 1940 790 2005; x_wconf 91' lang='lat' dir='ltr'><strong>ut</strong></span> <span class='ocrx_word' id='word_1_136' title='bbox 811 1939 862 2005; x_wconf 88' lang='lat' dir='ltr'><strong>ita</strong></span> <span class='ocrx_word' id='word_1_137' title='bbox 885 1937 1002 2024; x_wconf 91' lang='lat' dir='ltr'><strong>dicam,</strong></span> <span class='ocrx_word' id='word_1_138' title='bbox 1031 1959 1077 2005; x_wconf 88' lang='lat' dir='ltr'><strong>an</strong></span> <span class='ocrx_word' id='word_1_139' title='bbox 1101 1938 1303 2007; x_wconf 86' lang='lat' dir='ltr'><strong>obiectiuam</strong></span> <span class='ocrx_word' id='word_1_140' title='bbox 1326 1938 1524 2023; x_wconf 82' lang='lat' dir='ltr'><strong>significati-</strong></span> 
     </span>
     <span class='ocr_line' id='line_1_17' title="bbox 244 2043 1525 2132; baseline -0.002 -19"><span class='ocrx_word' id='word_1_141' title='bbox 244 2066 344 2113; x_wconf 91' lang='lat' dir='ltr'><strong>onem</strong></span> <span class='ocrx_word' id='word_1_142' title='bbox 373 2045 578 2132; x_wconf 88' lang='lat' dir='ltr'><strong>praestiterit</strong></span> <span class='ocrx_word' id='word_1_143' title='bbox 608 2045 767 2112; x_wconf 83' lang='lat' dir='ltr'><strong>‘deorum&#39;</strong></span> <span class='ocrx_word' id='word_1_144' title='bbox 791 2065 869 2112; x_wconf 90' lang='lat' dir='ltr'><strong>uox.</strong></span> <span class='ocrx_word' id='word_1_145' title='bbox 915 2043 1049 2112; x_wconf 77' lang='lat' dir='ltr'><strong>Etenim</strong></span> <span class='ocrx_word' id='word_1_146' title='bbox 1079 2047 1130 2112; x_wconf 90' lang='lat' dir='ltr'><strong>ira</strong></span> <span class='ocrx_word' id='word_1_147' title='bbox 1160 2048 1263 2132; x_wconf 88' lang='lat' dir='ltr'><strong>atque</strong></span> <span class='ocrx_word' id='word_1_148' title='bbox 1287 2044 1362 2113; x_wconf 93' lang='lat' dir='ltr'><strong>odio</strong></span> <span class='ocrx_word' id='word_1_149' title='bbox 1385 2047 1419 2112; x_wconf 90' lang='lat' dir='ltr'><strong>in</strong></span> <span class='ocrx_word' id='word_1_150' title='bbox 1444 2045 1525 2113; x_wconf 90' lang='lat' dir='ltr'><strong>deos</strong></span> 
     </span>
     <span class='ocr_line' id='line_1_18' title="bbox 243 2151 1526 2239; baseline -0.001 -20"><span class='ocrx_word' id='word_1_151' title='bbox 243 2153 417 2220; x_wconf 89' lang='lat' dir='ltr'><strong>incensam</strong></span> <span class='ocrx_word' id='word_1_152' title='bbox 440 2151 577 2219; x_wconf 75' lang='lat' dir='ltr'><strong>Terram</strong></span> <span class='ocrx_word' id='word_1_153' title='bbox 606 2152 824 2239; x_wconf 87' lang='lat' dir='ltr'><strong>progenuisse</strong></span> <span class='ocrx_word' id='word_1_154' title='bbox 855 2151 995 2218; x_wconf 79' lang='lat' dir='ltr'><strong>Famam</strong></span> <span class='ocrx_word' id='word_1_155' title='bbox 1025 2151 1146 2220; x_wconf 89' lang='lat' dir='ltr'><strong>dixerit</strong></span> <span class='ocrx_word' id='word_1_156' title='bbox 1175 2153 1352 2239; x_wconf 73' lang='lat' dir='ltr'><strong>quispiam,</strong></span> <span class='ocrx_word' id='word_1_157' title='bbox 1385 2156 1446 2218; x_wconf 89' lang='lat' dir='ltr'><strong>aut</strong></span> <span class='ocrx_word' id='word_1_158' title='bbox 1476 2153 1526 2218; x_wconf 89' lang='lat' dir='ltr'><strong>ita</strong></span> 
     </span>
     <span class='ocr_line' id='line_1_19' title="bbox 245 2258 1525 2347; baseline -0.003 -18"><span class='ocrx_word' id='word_1_159' title='bbox 245 2259 365 2347; x_wconf 86' lang='lat' dir='ltr'><strong>aliquis</strong></span> <span class='ocrx_word' id='word_1_160' title='bbox 382 2258 598 2347; x_wconf 88' lang='lat' dir='ltr'><strong>explicauerit</strong></span> <span class='ocrx_word' id='word_1_161' title='bbox 612 2259 703 2326; x_wconf 90' lang='lat' dir='ltr'><strong>hunc</strong></span> <span class='ocrx_word' id='word_1_162' title='bbox 718 2258 837 2344; x_wconf 86' lang='lat' dir='ltr'><strong>locum,</strong></span> <span class='ocrx_word' id='word_1_163' title='bbox 854 2261 895 2326; x_wconf 90' lang='lat' dir='ltr'><strong>ut</strong></span> <span class='ocrx_word' id='word_1_164' title='bbox 908 2259 993 2326; x_wconf 88' lang='lat' dir='ltr'><strong>iram</strong></span> <span class='ocrx_word' id='word_1_165' title='bbox 1009 2258 1155 2346; x_wconf 89' lang='lat' dir='ltr'><strong>deorum,</strong></span> <span class='ocrx_word' id='word_1_166' title='bbox 1173 2260 1294 2346; x_wconf 91' lang='lat' dir='ltr'><strong>quippe</strong></span> <span class='ocrx_word' id='word_1_167' title='bbox 1307 2281 1394 2346; x_wconf 88' lang='lat' dir='ltr'><strong>quae</strong></span> <span class='ocrx_word' id='word_1_168' title='bbox 1406 2260 1525 2343; x_wconf 89' lang='lat' dir='ltr'><strong>gigan-</strong></span> 
     </span>
     <span class='ocr_line' id='line_1_20' title="bbox 244 2364 1527 2452; baseline -0.002 -18"><span class='ocrx_word' id='word_1_169' title='bbox 244 2367 346 2451; x_wconf 89' lang='lat' dir='ltr'><strong>tibus,</strong></span> <span class='ocrx_word' id='word_1_170' title='bbox 370 2364 492 2440; x_wconf 81' lang='lat' dir='ltr'><strong>&#39;lemae</strong></span> <span class='ocrx_word' id='word_1_171' title='bbox 514 2365 604 2452; x_wconf 82' lang='lat' dir='ltr'><strong>filiis,</strong></span> <span class='ocrx_word' id='word_1_172' title='bbox 628 2366 784 2452; x_wconf 90' lang='lat' dir='ltr'><strong>perniciei</strong></span> <span class='ocrx_word' id='word_1_173' title='bbox 806 2366 916 2450; x_wconf 85' lang='lat' dir='ltr'><strong>fuerit,</strong></span> <span class='ocrx_word' id='word_1_174' title='bbox 940 2387 1078 2433; x_wconf 89' lang='lat' dir='ltr'><strong>causam</strong></span> <span class='ocrx_word' id='word_1_175' title='bbox 1100 2367 1253 2432; x_wconf 90' lang='lat' dir='ltr'><strong>nominet</strong></span> <span class='ocrx_word' id='word_1_176' title='bbox 1275 2367 1448 2450; x_wconf 88' lang='lat' dir='ltr'><strong>saeuitiae,</strong></span> <span class='ocrx_word' id='word_1_177' title='bbox 1470 2366 1527 2431; x_wconf 92' lang='lat' dir='ltr'><strong>uel</strong></span> 
     </span>
     <span class='ocr_line' id='line_1_21' title="bbox 245 2471 1527 2560; baseline -0.001 -21"><span class='ocrx_word' id='word_1_178' title='bbox 245 2472 335 2560; x_wconf 87' lang='lat' dir='ltr'><strong>quod</strong></span> <span class='ocrx_word' id='word_1_179' title='bbox 349 2473 438 2540; x_wconf 91' lang='lat' dir='ltr'><strong>idem</strong></span> <span class='ocrx_word' id='word_1_180' title='bbox 453 2476 516 2557; x_wconf 89' lang='lat' dir='ltr'><strong>est,</strong></span> <span class='ocrx_word' id='word_1_181' title='bbox 537 2475 599 2540; x_wconf 90' lang='lat' dir='ltr'><strong>aut</strong></span> <span class='ocrx_word' id='word_1_182' title='bbox 614 2471 658 2538; x_wconf 91' lang='lat' dir='ltr'><strong>ad</strong></span> <span class='ocrx_word' id='word_1_183' title='bbox 673 2472 754 2540; x_wconf 88' lang='lat' dir='ltr'><strong>deos</strong></span> <span class='ocrx_word' id='word_1_184' title='bbox 770 2476 831 2539; x_wconf 89' lang='lat' dir='ltr'><strong>aut</strong></span> <span class='ocrx_word' id='word_1_185' title='bbox 846 2472 890 2539; x_wconf 89' lang='lat' dir='ltr'><strong>ad</strong></span> <span class='ocrx_word' id='word_1_186' title='bbox 906 2472 1042 2540; x_wconf 79' lang='lat' dir='ltr'><strong>Terram</strong></span> <span class='ocrx_word' id='word_1_187' title='bbox 1058 2472 1172 2540; x_wconf 84' lang='lat' dir='ltr'><strong>referri</strong></span> <span class='ocrx_word' id='word_1_188' title='bbox 1194 2474 1305 2560; x_wconf 89' lang='lat' dir='ltr'><strong>potuit</strong></span> <span class='ocrx_word' id='word_1_189' title='bbox 1327 2473 1385 2540; x_wconf 90' lang='lat' dir='ltr'><strong>ira.</strong></span> <span class='ocrx_word' id='word_1_190' title='bbox 1431 2471 1527 2553; x_wconf 84' lang='lat' dir='ltr'><strong>Quod</strong></span> 
     </span>
     <span class='ocr_line' id='line_1_22' title="bbox 246 2577 1527 2667; baseline -0.002 -21"><span class='ocrx_word' id='word_1_191' title='bbox 246 2581 318 2646; x_wconf 93' lang='lat' dir='ltr'><strong>iure</strong></span> <span class='ocrx_word' id='word_1_192' title='bbox 353 2581 522 2646; x_wconf 88' lang='lat' dir='ltr'><strong>statutum</strong></span> <span class='ocrx_word' id='word_1_193' title='bbox 556 2600 630 2646; x_wconf 90' lang='lat' dir='ltr'><strong>esse</strong></span> <span class='ocrx_word' id='word_1_194' title='bbox 654 2600 676 2645; x_wconf 88' lang='lat' dir='ltr'><strong>a</strong></span> <span class='ocrx_word' id='word_1_195' title='bbox 704 2595 759 2646; x_wconf 86' lang='lat' dir='ltr'><strong>me</strong></span> <span class='ocrx_word' id='word_1_196' title='bbox 792 2601 835 2645; x_wconf 92' lang='lat' dir='ltr'><strong>ex</strong></span> <span class='ocrx_word' id='word_1_197' title='bbox 851 2593 852 2598; x_wconf 76' lang='grc'>’</span> <span class='ocrx_word' id='word_1_198' title='bbox 869 2577 1003 2646; x_wconf 89' lang='lat' dir='ltr'><strong>diuersa</strong></span> <span class='ocrx_word' id='word_1_199' title='bbox 1036 2580 1214 2646; x_wconf 88' lang='lat' dir='ltr'><strong>uerborum</strong></span> <span class='ocrx_word' id='word_1_200' title='bbox 1249 2578 1339 2667; x_wconf 88' lang='lat' dir='ltr'><strong>apud</strong></span> <span class='ocrx_word' id='word_1_201' title='bbox 1373 2580 1527 2646; x_wconf 87' lang='lat' dir='ltr'><strong>Samium</strong></span> 
     </span>
     <span class='ocr_line' id='line_1_23' title="bbox 246 2684 1525 2774; baseline -0.002 -20"><span class='ocrx_word' id='word_1_202' title='bbox 246 2687 463 2754; x_wconf 85' lang='lat' dir='ltr'><strong>collocatione</strong></span> <span class='ocrx_word' id='word_1_203' title='bbox 486 2686 548 2752; x_wconf 77' lang='lat' dir='ltr'><strong>‘ira</strong></span> <span class='ocrx_word' id='word_1_204' title='bbox 570 2685 709 2754; x_wconf 88' lang='lat' dir='ltr'><strong>inritata</strong></span> <span class='ocrx_word' id='word_1_205' title='bbox 739 2684 897 2771; x_wconf 85' lang='lat' dir='ltr'><strong>deorum’,</strong></span> <span class='ocrx_word' id='word_1_206' title='bbox 929 2686 987 2752; x_wconf 94' lang='lat' dir='ltr'><strong>ubi</strong></span> <span class='ocrx_word' id='word_1_207' title='bbox 1017 2687 1181 2755; x_wconf 86' lang='lat' dir='ltr'><strong>obiectiue</strong></span> <span class='ocrx_word' id='word_1_208' title='bbox 1204 2687 1338 2774; x_wconf 89' lang='lat' dir='ltr'><strong>ponitur</strong></span> <span class='ocrx_word' id='word_1_209' title='bbox 1367 2686 1525 2753; x_wconf 81' lang='lat' dir='ltr'><strong>‘deorum&#39;</strong></span> 
     </span>
     <span class='ocr_line' id='line_1_24' title="bbox 246 2791 1526 2880; baseline -0.002 -20"><span class='ocrx_word' id='word_1_210' title='bbox 246 2815 325 2875; x_wconf 81' lang='lat' dir='ltr'><strong>uox,</strong></span> <span class='ocrx_word' id='word_1_211' title='bbox 349 2796 385 2860; x_wconf 92' lang='lat' dir='ltr'><strong>et</strong></span> <span class='ocrx_word' id='word_1_212' title='bbox 407 2793 468 2859; x_wconf 86' lang='lat' dir='ltr'><strong>‘ira</strong></span> <span class='ocrx_word' id='word_1_213' title='bbox 495 2791 632 2860; x_wconf 91' lang='lat' dir='ltr'><strong>deorum</strong></span> <span class='ocrx_word' id='word_1_214' title='bbox 655 2791 814 2876; x_wconf 84' lang='lat' dir='ltr'><strong>inritata&#39;,</strong></span> <span class='ocrx_word' id='word_1_215' title='bbox 849 2793 905 2859; x_wconf 93' lang='lat' dir='ltr'><strong>ubi</strong></span> <span class='ocrx_word' id='word_1_216' title='bbox 932 2793 1117 2859; x_wconf 86' lang='lat' dir='ltr'><strong>subiectiue</strong></span> <span class='ocrx_word' id='word_1_217' title='bbox 1140 2795 1284 2880; x_wconf 88' lang='lat' dir='ltr'><strong>ponitur,</strong></span> <span class='ocrx_word' id='word_1_218' title='bbox 1310 2794 1526 2878; x_wconf 83' lang='lat' dir='ltr'><strong>cognoscitur.</strong></span> 
     </span>
     <span class='ocr_line' id='line_1_25' title="bbox 247 2897 1527 2988; baseline -0.002 -22"><span class='ocrx_word' id='word_1_219' title='bbox 247 2901 456 2988; x_wconf 84' lang='lat' dir='ltr'><strong>Quapropter</strong></span> <span class='ocrx_word' id='word_1_220' title='bbox 477 2897 559 2966; x_wconf 91' lang='lat' dir='ltr'><strong>illud</strong></span> <span class='ocrx_word' id='word_1_221' title='bbox 574 2897 821 2986; x_wconf 84' lang='lat' dir='ltr'><strong>‘amphibolon’,</strong></span> <span class='ocrx_word' id='word_1_222' title='bbox 839 2900 997 2985; x_wconf 89' lang='lat' dir='ltr'><strong>quoniam</strong></span> <span class='ocrx_word' id='word_1_223' title='bbox 1021 2899 1140 2966; x_wconf 86' lang='lat' dir='ltr'><strong>ceteris</strong></span> <span class='ocrx_word' id='word_1_224' title='bbox 1162 2899 1198 2965; x_wconf 94' lang='lat' dir='ltr'><strong>in</strong></span> <span class='ocrx_word' id='word_1_225' title='bbox 1220 2901 1320 2967; x_wconf 89' lang='lat' dir='ltr'><strong>rebus</strong></span> <span class='ocrx_word' id='word_1_226' title='bbox 1345 2921 1527 2968; x_wconf 88' lang='lat' dir='ltr'><strong>consensus</strong></span> 
     </span>
     <span class='ocr_line' id='line_1_26' title="bbox 247 3005 1528 3094; baseline -0.002 -20"><span class='ocrx_word' id='word_1_227' title='bbox 247 3010 301 3074; x_wconf 90' lang='lat' dir='ltr'><strong>est</strong></span> <span class='ocrx_word' id='word_1_228' title='bbox 321 3007 410 3074; x_wconf 91' lang='lat' dir='ltr'><strong>inter</strong></span> <span class='ocrx_word' id='word_1_229' title='bbox 433 3005 663 3073; x_wconf 89' lang='lat' dir='ltr'><strong>Veronensem</strong></span> <span class='ocrx_word' id='word_1_230' title='bbox 693 3007 908 3093; x_wconf 88' lang='lat' dir='ltr'><strong>interpretem</strong></span> <span class='ocrx_word' id='word_1_231' title='bbox 938 3008 974 3072; x_wconf 89' lang='lat' dir='ltr'><strong>et</strong></span> <span class='ocrx_word' id='word_1_232' title='bbox 997 3005 1159 3090; x_wconf 84' lang='lat' dir='ltr'><strong>Seruium,</strong></span> <span class='ocrx_word' id='word_1_233' title='bbox 1184 3009 1295 3094; x_wconf 91' lang='lat' dir='ltr'><strong>potius</strong></span> <span class='ocrx_word' id='word_1_234' title='bbox 1317 3005 1528 3074; x_wconf 85' lang='lat' dir='ltr'><strong>referendum</strong></span> 
     </span>
     <span class='ocr_line' id='line_1_27' title="bbox 249 3112 1528 3201; baseline 0.001 -22"><span class='ocrx_word' id='word_1_235' title='bbox 249 3135 323 3181; x_wconf 89' lang='lat' dir='ltr'><strong>esse</strong></span> <span class='ocrx_word' id='word_1_236' title='bbox 354 3135 475 3180; x_wconf 88' lang='lat' dir='ltr'><strong>censeo</strong></span> <span class='ocrx_word' id='word_1_237' title='bbox 506 3113 549 3180; x_wconf 88' lang='lat' dir='ltr'><strong>ad</strong></span> <span class='ocrx_word' id='word_1_238' title='bbox 584 3114 672 3180; x_wconf 90' lang='lat' dir='ltr'><strong>hanc</strong></span> <span class='ocrx_word' id='word_1_239' title='bbox 706 3112 843 3180; x_wconf 79' lang='lat' dir='ltr'><strong>Gomuti</strong></span> <span class='ocrx_word' id='word_1_240' title='bbox 875 3116 910 3180; x_wconf 93' lang='lat' dir='ltr'><strong>et</strong></span> <span class='ocrx_word' id='word_1_241' title='bbox 943 3114 1040 3201; x_wconf 84' lang='lat' dir='ltr'><strong>Aspri</strong></span> <span class='ocrx_word' id='word_1_242' title='bbox 1076 3113 1318 3182; x_wconf 88' lang='lat' dir='ltr'><strong>dissensionem</strong></span> <span class='ocrx_word' id='word_1_243' title='bbox 1352 3135 1454 3201; x_wconf 91' lang='lat' dir='ltr'><strong>quam</strong></span> <span class='ocrx_word' id='word_1_244' title='bbox 1484 3114 1528 3180; x_wconf 88' lang='lat' dir='ltr'><strong>ad</strong></span> 
     </span>
     <span class='ocr_line' id='line_1_28' title="bbox 251 3219 1528 3308; baseline 0.001 -22"><span class='ocrx_word' id='word_1_245' title='bbox 251 3219 501 3286; x_wconf 87' lang='lat' dir='ltr'><strong>distinctionem</strong></span> <span class='ocrx_word' id='word_1_246' title='bbox 524 3221 712 3306; x_wconf 86' lang='lat' dir='ltr'><strong>uerborum,</strong></span> <span class='ocrx_word' id='word_1_247' title='bbox 748 3219 883 3307; x_wconf 90' lang='lat' dir='ltr'><strong>qualem</strong></span> <span class='ocrx_word' id='word_1_248' title='bbox 904 3222 1016 3288; x_wconf 85' lang='lat' dir='ltr'><strong>nescio</strong></span> <span class='ocrx_word' id='word_1_249' title='bbox 1041 3223 1116 3308; x_wconf 89' lang='lat' dir='ltr'><strong>quis</strong></span> <span class='ocrx_word' id='word_1_250' title='bbox 1139 3221 1424 3288; x_wconf 89' lang='lat' dir='ltr'><strong>commendauerit</strong></span> <span class='ocrx_word' id='word_1_251' title='bbox 1446 3241 1528 3287; x_wconf 89' lang='lat' dir='ltr'><strong>con·</strong></span> 
     </span>
     <span class='ocr_line' id='line_1_29' title="bbox 247 3326 1527 3414; baseline 0.002 -22"><span class='ocrx_word' id='word_1_252' title='bbox 247 3327 391 3410; x_wconf 89' lang='lat' dir='ltr'><strong>iungens</strong></span> <span class='ocrx_word' id='word_1_253' title='bbox 413 3327 518 3393; x_wconf 90' lang='lat' dir='ltr'><strong>uerba</strong></span> <span class='ocrx_word' id='word_1_254' title='bbox 541 3327 654 3393; x_wconf 82' lang='lat' dir='ltr'><strong>‘Terra</strong></span> <span class='ocrx_word' id='word_1_255' title='bbox 680 3347 812 3414; x_wconf 85' lang='lat' dir='ltr'><strong>parens,</strong></span> <span class='ocrx_word' id='word_1_256' title='bbox 835 3327 887 3394; x_wconf 91' lang='lat' dir='ltr'><strong>ira</strong></span> <span class='ocrx_word' id='word_1_257' title='bbox 908 3327 1057 3410; x_wconf 88' lang='lat' dir='ltr'><strong>inritata,</strong></span> <span class='ocrx_word' id='word_1_258' title='bbox 1082 3326 1218 3394; x_wconf 92' lang='lat' dir='ltr'><strong>deorum</strong></span> <span class='ocrx_word' id='word_1_259' title='bbox 1243 3330 1427 3394; x_wconf 89' lang='lat' dir='ltr'><strong>extremam</strong></span> <span class='ocrx_word' id='word_1_260' title='bbox 1450 3349 1527 3414; x_wconf 89' lang='lat' dir='ltr'><strong>pro-</strong></span> 
     </span>
     <span class='ocr_line' id='line_1_30' title="bbox 249 3432 1529 3522; baseline 0.001 -23"><span class='ocrx_word' id='word_1_261' title='bbox 249 3432 366 3520; x_wconf 89' lang='lat' dir='ltr'><strong>genuit</strong></span> <span class='ocrx_word' id='word_1_262' title='bbox 395 3432 555 3499; x_wconf 79' lang='lat' dir='ltr'><strong>Famam&#39;.</strong></span> <span class='ocrx_word' id='word_1_263' title='bbox 601 3433 702 3500; x_wconf 73' lang='lat' dir='ltr'><strong>Ornos</strong></span> <span class='ocrx_word' id='word_1_264' title='bbox 738 3433 960 3501; x_wconf 88' lang='lat' dir='ltr'><strong>distinctionis</strong></span> <span class='ocrx_word' id='word_1_265' title='bbox 994 3434 1140 3518; x_wconf 91' lang='lat' dir='ltr'><strong>uestigia</strong></span> <span class='ocrx_word' id='word_1_266' title='bbox 1173 3433 1405 3502; x_wconf 86' lang='lat' dir='ltr'><strong>desiderantur</strong></span> <span class='ocrx_word' id='word_1_267' title='bbox 1438 3435 1529 3522; x_wconf 88' lang='lat' dir='ltr'><strong>apud</strong></span> 
     </span>
     <span class='ocr_line' id='line_1_31' title="bbox 249 3539 457 3612; baseline -0.034 0"><span class='ocrx_word' id='word_1_268' title='bbox 249 3539 457 3612; x_wconf 82' lang='lat' dir='ltr'><strong>scholiastes</strong></span> 
     </span>
    </p>
   </div>
   <div class='ocr_carea' id='block_1_3' title="bbox 250 3663 1531 3860">
    <p class='ocr_par' dir='ltr' id='par_1_3' title="bbox 250 3663 1531 3860">
     <span class='ocr_line' id='line_1_32' title="bbox 355 3663 1528 3749; baseline -0.001 -18"><span class='ocrx_word' id='word_1_269' title='bbox 355 3665 453 3731; x_wconf 90' lang='lat' dir='ltr'><strong>Nunc</strong></span> <span class='ocrx_word' id='word_1_270' title='bbox 483 3665 527 3731; x_wconf 91' lang='lat' dir='ltr'><strong>ad</strong></span> <span class='ocrx_word' id='word_1_271' title='bbox 550 3663 722 3731; x_wconf 91' lang='lat' dir='ltr'><strong>Velium</strong></span> <span class='ocrx_word' id='word_1_272' title='bbox 743 3663 934 3749; x_wconf 86' lang='lat' dir='ltr'><strong>Longum</strong></span> <span class='ocrx_word' id='word_1_273' title='bbox 964 3666 999 3731; x_wconf 91' lang='lat' dir='ltr'><strong>et</strong></span> <span class='ocrx_word' id='word_1_274' title='bbox 1021 3663 1241 3732; x_wconf 88' lang='lat' dir='ltr'><strong>Vrbanum</strong></span> <span class='ocrx_word' id='word_1_275' title='bbox 1271 3668 1415 3732; x_wconf 85' lang='lat' dir='ltr'><strong>transeo.</strong></span> <span class='ocrx_word' id='word_1_276' title='bbox 1461 3664 1528 3731; x_wconf 79' lang='lat' dir='ltr'><strong>Ex-</strong></span> 
     </span>
     <span class='ocr_line' id='line_1_33' title="bbox 250 3769 1531 3860; baseline -0.002 -22"><span class='ocrx_word' id='word_1_277' title='bbox 250 3772 364 3860; x_wconf 90' lang='lat' dir='ltr'><strong>posuit</strong></span> <span class='ocrx_word' id='word_1_278' title='bbox 394 3775 510 3838; x_wconf 89' lang='lat' dir='ltr'><strong>autem</strong></span> <span class='ocrx_word' id='word_1_279' title='bbox 540 3770 595 3837; x_wconf 86' lang='lat' dir='ltr'><strong>ifle</strong></span> <span class='ocrx_word' id='word_1_280' title='bbox 628 3771 672 3837; x_wconf 91' lang='lat' dir='ltr'><strong>ad</strong></span> <span class='ocrx_word' id='word_1_281' title='bbox 701 3769 839 3854; x_wconf 89' lang='lat' dir='ltr'><strong>Vergilii</strong></span> <span class='ocrx_word' id='word_1_282' title='bbox 868 3792 987 3838; x_wconf 88' lang='lat' dir='ltr'><strong>uersus</strong></span> <span class='ocrx_word' id='word_1_283' title='bbox 1019 3771 1185 3839; x_wconf 89' lang='lat' dir='ltr'><strong>Aeneidos</strong></span> <span class='ocrx_word' id='word_1_284' title='bbox 1217 3771 1337 3839; x_wconf 74' lang='lat' dir='ltr'><strong>vles</strong></span> <span class='ocrx_word' id='word_1_285' title='bbox 1361 3794 1439 3858; x_wconf 89' lang='lat' dir='ltr'><strong>seq.‚</strong></span> <span class='ocrx_word' id='word_1_286' title='bbox 1472 3773 1531 3837; x_wconf 92' lang='lat' dir='ltr'><strong>ubi</strong></span> 
     </span>
    </p>
   </div>
   <div class='ocr_carea' id='block_1_4' title="bbox 251 4054 1532 4484">
    <p class='ocr_par' dir='ltr' id='par_1_4' title="bbox 251 4054 1532 4484">
     <span class='ocr_line' id='line_1_34' title="bbox 358 4054 1530 4128; baseline 0 -18"><span class='ocrx_word' id='word_1_287' title='bbox 358 4058 377 4127; x_wconf 78' lang='lat'><strong>²)</strong></span> <span class='ocrx_word' id='word_1_288' title='bbox 395 4057 536 4128; x_wconf 90' lang='lat' dir='ltr'><strong>Interpres</strong></span> <span class='ocrx_word' id='word_1_289' title='bbox 553 4054 722 4111; x_wconf 87' lang='lat' dir='ltr'><strong>Veronensis</strong></span> <span class='ocrx_word' id='word_1_290' title='bbox 741 4055 778 4110; x_wconf 86' lang='lat' dir='ltr'><strong>ad</strong></span> <span class='ocrx_word' id='word_1_291' title='bbox 796 4055 815 4111; x_wconf 92' lang='lat' dir='ltr'><strong>l.</strong></span> <span class='ocrx_word' id='word_1_292' title='bbox 834 4071 858 4111; x_wconf 78' lang='lat' dir='ltr'><strong>e,</strong></span> <span class='ocrx_word' id='word_1_293' title='bbox 876 4072 904 4127; x_wconf 88' lang='lat' dir='ltr'><strong>p.</strong></span> <span class='ocrx_word' id='word_1_294' title='bbox 913 4055 975 4122; x_wconf 81' lang='grc'><strong>431,</strong></span> <span class='ocrx_word' id='word_1_295' title='bbox 987 4056 1021 4112; x_wconf 81' lang='grc'><strong>15</strong></span> <span class='ocrx_word' id='word_1_296' title='bbox 1033 4055 1080 4112; x_wconf 84' lang='grc' dir='ltr'><strong>Η.;</strong></span> <span class='ocrx_word' id='word_1_297' title='bbox 1099 4054 1222 4111; x_wconf 74' lang='lat' dir='ltr'><strong>‘llrlrhM</strong></span> <span class='ocrx_word' id='word_1_298' title='bbox 1241 4055 1366 4112; x_wconf 77' lang='lat' dir='ltr'><strong>&#39;PllltRA</strong></span> <span class='ocrx_word' id='word_1_299' title='bbox 1384 4055 1530 4110; x_wconf 75' lang='lat' dir='ltr'><strong>PARENS</strong></span> 
     </span>
     <span class='ocr_line' id='line_1_35' title="bbox 251 4145 1531 4217; baseline -0.002 -17"><span class='ocrx_word' id='word_1_300' title='bbox 251 4145 315 4201; x_wconf 82' lang='lat' dir='ltr'><strong>lltA</strong></span> <span class='ocrx_word' id='word_1_301' title='bbox 333 4145 507 4200; x_wconf 81' lang='lat' dir='ltr'><strong>lNRI&#39;lA&#39;l&#39;A</strong></span> <span class='ocrx_word' id='word_1_302' title='bbox 520 4146 674 4202; x_wconf 82' lang='lat' dir='ltr'><strong>Cornutus:</strong></span> <span class='ocrx_word' id='word_1_303' title='bbox 695 4185 835 4200; x_wconf 91' lang='grc'><strong>......</strong></span> <span class='ocrx_word' id='word_1_304' title='bbox 849 4145 933 4217; x_wconf 70' lang='lat' dir='ltr'><strong>(quid)</strong></span> <span class='ocrx_word' id='word_1_305' title='bbox 947 4185 1384 4202; x_wconf 88' lang='grc'><strong>.................</strong></span> <span class='ocrx_word' id='word_1_306' title='bbox 1398 4161 1414 4199; x_wconf 92' lang='lat' dir='ltr'><strong>e</strong></span> <span class='ocrx_word' id='word_1_307' title='bbox 1426 4155 1531 4216; x_wconf 87' lang='lat' dir='ltr'><strong>posset.</strong></span> 
     </span>
     <span class='ocr_line' id='line_1_36' title="bbox 251 4233 1531 4306; baseline -0.002 -16"><span class='ocrx_word' id='word_1_308' title='bbox 251 4235 332 4305; x_wconf 73' lang='lat' dir='ltr'><strong>hep:</strong></span> <span class='ocrx_word' id='word_1_309' title='bbox 358 4233 473 4305; x_wconf 87' lang='lat' dir='ltr'><strong>an[ime]</strong></span> <span class='ocrx_word' id='word_1_310' title='bbox 498 4234 616 4289; x_wconf 88' lang='lat' dir='ltr'><strong>inritato</strong></span> <span class='ocrx_word' id='word_1_311' title='bbox 640 4234 670 4290; x_wconf 93' lang='lat' dir='ltr'><strong>in</strong></span> <span class='ocrx_word' id='word_1_312' title='bbox 688 4233 764 4289; x_wconf 88' lang='lat' dir='ltr'><strong>Deos</strong></span> <span class='ocrx_word' id='word_1_313' title='bbox 789 4234 899 4289; x_wconf 86' lang='lat' dir='ltr'><strong>saeuire</strong></span> <span class='ocrx_word' id='word_1_314' title='bbox 918 4233 1035 4288; x_wconf 74' lang='lat' dir='ltr'><strong>Famam</strong></span> <span class='ocrx_word' id='word_1_315' title='bbox 1054 4234 1169 4300; x_wconf 88' lang='lat' dir='ltr'><strong>creauit,</strong></span> <span class='ocrx_word' id='word_1_316' title='bbox 1188 4250 1341 4306; x_wconf 85' lang='lat' dir='ltr'><strong>perquam</strong></span> <span class='ocrx_word' id='word_1_317' title='bbox 1359 4233 1426 4306; x_wconf 87' lang='lat' dir='ltr'><strong>quia</strong></span> <span class='ocrx_word' id='word_1_318' title='bbox 1444 4234 1531 4288; x_wconf 86' lang='lat' dir='ltr'><strong>intro·</strong></span> 
     </span>
     <span class='ocr_line' id='line_1_37' title="bbox 252 4322 1532 4394; baseline -0.001 -16"><span class='ocrx_word' id='word_1_319' title='bbox 252 4324 394 4379; x_wconf 89' lang='lat' dir='ltr'><strong>ducuntur</strong></span> <span class='ocrx_word' id='word_1_320' title='bbox 411 4324 532 4379; x_wconf 89' lang='lat' dir='ltr'><strong>inuicem</strong></span> <span class='ocrx_word' id='word_1_321' title='bbox 551 4326 694 4379; x_wconf 88' lang='lat' dir='ltr'><strong>certantes</strong></span> <span class='ocrx_word' id='word_1_322' title='bbox 712 4325 742 4378; x_wconf 89' lang='lat' dir='ltr'><strong>et</strong></span> <span class='ocrx_word' id='word_1_323' title='bbox 754 4322 947 4392; x_wconf 60' lang='lat' dir='ltr'><strong>adulterasse]</strong></span> <span class='ocrx_word' id='word_1_324' title='bbox 960 4323 1037 4378; x_wconf 87' lang='lat' dir='ltr'><strong>Deos</strong></span> <span class='ocrx_word' id='word_1_325' title='bbox 1057 4324 1139 4393; x_wconf 89' lang='lat' dir='ltr'><strong>[inter</strong></span> <span class='ocrx_word' id='word_1_326' title='bbox 1157 4324 1195 4393; x_wconf 91' lang='lat' dir='ltr'><strong>se]</strong></span> <span class='ocrx_word' id='word_1_327' title='bbox 1216 4327 1246 4378; x_wconf 88' lang='lat' dir='ltr'><strong>et</strong></span> <span class='ocrx_word' id='word_1_328' title='bbox 1258 4323 1445 4394; x_wconf 77' lang='lat' dir='ltr'><strong>belligerasse¹</strong></span> <span class='ocrx_word' id='word_1_329' title='bbox 1460 4323 1532 4378; x_wconf 88' lang='lat' dir='ltr'><strong>haec</strong></span> 
     </span>
     <span class='ocr_line' id='line_1_38' title="bbox 252 4411 701 4484; baseline -0.002 -12"><span class='ocrx_word' id='word_1_330' title='bbox 252 4413 333 4472; x_wconf 84' lang='lat' dir='ltr'><strong>nobis</strong></span> <span class='ocrx_word' id='word_1_331' title='bbox 351 4411 570 4468; x_wconf 76' lang='lat' dir='ltr'><strong>innotescerent</strong></span> <span class='ocrx_word' id='word_1_332' title='bbox 589 4429 613 4468; x_wconf 89' lang='lat' dir='ltr'><strong>e.</strong></span> <span class='ocrx_word' id='word_1_333' title='bbox 632 4430 658 4484; x_wconf 93' lang='lat' dir='ltr'><strong>q.</strong></span> <span class='ocrx_word' id='word_1_334' title='bbox 678 4429 701 4471; x_wconf 82' lang='lat' dir='ltr'><strong>e.</strong></span> 
     </span>
    </p>
   </div>
   <div class='ocr_carea' id='block_1_5' title="bbox 252 4500 1531 4660">
    <p class='ocr_par' dir='ltr' id='par_1_5' title="bbox 252 4500 1531 4660">
     <span class='ocr_line' id='line_1_39' title="bbox 359 4500 1531 4572; baseline -0.002 -16"><span class='ocrx_word' id='word_1_335' title='bbox 359 4502 380 4572; x_wconf 72' lang='lat'><strong>²)</strong></span> <span class='ocrx_word' id='word_1_336' title='bbox 399 4501 458 4556; x_wconf 88' lang='lat' dir='ltr'><strong>Hoc</strong></span> <span class='ocrx_word' id='word_1_337' title='bbox 475 4505 588 4571; x_wconf 87' lang='lat' dir='ltr'><strong>praeter</strong></span> <span class='ocrx_word' id='word_1_338' title='bbox 614 4500 783 4556; x_wconf 86' lang='lat' dir='ltr'><strong>emendandi</strong></span> <span class='ocrx_word' id='word_1_339' title='bbox 810 4503 896 4572; x_wconf 86' lang='lat' dir='ltr'><strong>atque</strong></span> <span class='ocrx_word' id='word_1_340' title='bbox 923 4501 1081 4557; x_wconf 86' lang='lat' dir='ltr'><strong>adnotandi</strong></span> <span class='ocrx_word' id='word_1_341' title='bbox 1109 4501 1238 4557; x_wconf 86' lang='lat' dir='ltr'><strong>officium</strong></span> <span class='ocrx_word' id='word_1_342' title='bbox 1263 4501 1453 4572; x_wconf 85' lang='lat' dir='ltr'><strong>grammaticis</strong></span> <span class='ocrx_word' id='word_1_343' title='bbox 1482 4500 1531 4554; x_wconf 87' lang='lat' dir='ltr'><strong>ad-</strong></span> 
     </span>
     <span class='ocr_line' id='line_1_40' title="bbox 252 4589 785 4660; baseline -0.004 -14"><span class='ocrx_word' id='word_1_344' title='bbox 252 4590 348 4652; x_wconf 87' lang='lat' dir='ltr'><strong>scribit</strong></span> <span class='ocrx_word' id='word_1_345' title='bbox 365 4589 481 4645; x_wconf 84' lang='lat' dir='ltr'><strong>tertinm</strong></span> <span class='ocrx_word' id='word_1_346' title='bbox 500 4589 616 4645; x_wconf 85' lang='lat' dir='ltr'><strong>Sueten.</strong></span> <span class='ocrx_word' id='word_1_347' title='bbox 635 4607 661 4660; x_wconf 91' lang='lat' dir='ltr'><strong>p.</strong></span> <span class='ocrx_word' id='word_1_348' title='bbox 681 4590 733 4646; x_wconf 88' lang='grc'><strong>118</strong></span> <span class='ocrx_word' id='word_1_349' title='bbox 752 4590 785 4645; x_wconf 87' lang='lat' dir='ltr'><strong>R.</strong></span> 
     </span>
    </p>
   </div>
   <div class='ocr_carea' id='block_1_6' title="bbox 0 0 1749 5100">
    <p class='ocr_par' dir='ltr' id='par_1_6' title="bbox 0 0 1749 5100">
     <span class='ocr_line' id='line_1_41' title="bbox 0 0 1749 5100; baseline 0 0"><span class='ocrx_word' id='word_1_350' title='bbox 0 0 1749 5100; x_wconf 95' lang='lat' dir='ltr'><strong> </strong></span> 
     </span>
    </p>
   </div>
  </div>
 </body>
</html>
