3458 5100
743 311 965 380 ..65-

211 490 290 572 Qua
310 490 347 555 in
368 511 404 557 re
425 510 537 576 neque
558 491 609 556 ita
630 488 766 574 iudicat,
802 489 901 558 sicuti
931 490 1129 558 Suetonium
1159 489 1325 557 iudicasse
1355 494 1501 578 apparet

213 619 259 664 ex
286 595 423 664 Sueten.
447 599 530 679 Aug.
547 597 626 681 883)
650 596 777 664 scilicet
805 618 941 684 prorsus
972 595 1123 664 diuersas
1150 616 1225 664 esse
1252 593 1494 664 enuntiationis

211 706 251 770 et
285 703 472 792 scriptionis
503 705 664 788 rationes,
702 724 812 790 neque
842 723 958 771 eorum
991 707 1108 791 partes
1143 705 1302 791 sequitur,
1337 705 1394 790 qui
1427 705 1495 771 ‘sic

214 809 425 877 scribendum
449 809 594 896 quidque
615 808 813 878 iudicabant
835 809 1000 898 quomodo
1024 813 1159 895 sonat'3
1194 811 1235 878 de
1262 810 1384 897 quibus
1414 831 1494 878 cou-

211 917 364 982 terentur
398 915 532 997 Quintil.
560 915 696 1001 11130.
742 915 813 983 Vel.
844 915 945 1000 Long.
979 939 1010 1004 p.
1033 917 1150 999 81113.
1205 916 1371 985 Cornutus
1404 917 1495 1005 apud

211 1021 397 1090 (lassiodor.
431 1045 461 1110 p.
481 1021 554 1106 149,
571 1023 600 1090 3.
653 1022 853 1111 Papinianus
883 1022 961 1090 ibid.
994 1045 1026 1112 p.
1044 1023 1117 1110 161,
1130 1025 1160 1092 9.
1215 1023 1342 1091 Probat
1379 1027 1494 1091 autem

211 1130 380 1196 Cornutus
403 1128 548 1211 mediam
567 1129 738 1216 quandem
753 1133 855 1216 atque
869 1133 1092 1217 temperatam
1108 1130 1271 1197 scribendi
1286 1135 1322 1198 et
1335 1129 1493 1217 loquendi

213 1236 449 1321 condicionem,
465 1258 542 1304 eum
562 1235 642 1303 dicit
654 1259 685 1324 p.
701 1236 818 1320 149,6:
841 1240 918 1321 ‘ego
933 1257 1003 1304 non
1026 1237 1139 1304 omnia
1161 1237 1299 1304 auribus
1321 1236 1492 1305 dederim’.

212 1343 414 1431 Quanquam
447 1343 630 1410 maximam
662 1345 698 1410 in
731 1347 861 1430 partem
896 1344 970 1410 soni
1002 1345 1037 1410 et
1069 1344 1253 1431 scripturae
1291 1363 1492 1411 consensum

212 1454 369 1538 appetere
389 1451 533 1518 uidetur.
1466 1460 1469 1465 '

321 1557 487 1644 Incipiunt
518 1556 718 1624 Cassiodorii
748 1561 906 1644 excerpta
935 1580 957 1624 a
989 1556 1226 1644 disputatione,
1258 1578 1333 1645 qua
1356 1558 1494 1645 scriptor

213 1663 393 1730 Aemilium
426 1664 539 1730 nescio
575 1683 674 1750 quem
704 1663 849 1730 amicum
880 1663 1046 1731 allocutus
1081 1664 1122 1731 de
1151 1663 1265 1731 littera
1293 1685 1329 1730 m
1359 1664 1493 1752 quando

213 1769 363 1856 dicenda,
402 1769 537 1856 quando
575 1770 813 1858 supprimenda
849 1770 905 1855 sit,
943 1771 1000 1837 uel
1037 1771 1171 1857 quando
1210 1773 1324 1838 seruet
1359 1771 1493 1838 litterae

212 1898 344 1963 sonum,
368 1876 502 1964 quando
526 1875 645 1944 dumm
669 1880 705 1944 11
727 1876 908 1944 barbarum
930 1880 1037 1960 sonet,
1070 1879 1209 1963 quaerit.
1254 1877 1383 1945 Deinde
1414 1877 1493 1965 quid
1595 1900 1597 1903 ·

214 1984 328 2051 ualeat
351 1983 520 2068 digamma
542 1982 760 2068 demonstrat,
790 2005 893 2070 quam
921 1983 1069 2051 litteram
1101 1984 1199 2051 modo
1231 2004 1289 2071 pro
1313 1984 1490 2071 digamma,

212 2090 310 2158 modo
343 2111 403 2178 pro
437 2090 547 2158 uocali
581 2091 680 2157 scribi
714 2091 869 2174 affirmat,
905 2091 1026 2177 quibus
1055 2090 1242 2177 praemittit
1271 2091 1372 2157 huius
1400 2093 1491 2159 uocis

210 2197 467 2284 explicationem
497 2197 794 2286 etymologicam)
849 2197 1006 2284 Sequitur
1032 2199 1163 2264 uarium
1193 2218 1299 2281 genus
1330 2199 1491 2265 obserua-

212 2306 352 2388 tionum,
384 2324 471 2390 quae
499 2304 672 2392 pertinent
702 2303 746 2370 ad
778 2303 1008 2371 diuersitatem
1038 2305 1198 2391 antiquae
1229 2305 1421 2391 scripturae,
1451 2303 1492 2371 de

210 2411 385 2479 uocabulis
401 2433 460 2499 par
475 2410 497 2477 d
511 2412 568 2478 uel
582 2414 606 2497 t,
630 2432 688 2498 per
704 2432 725 2497 q
747 2410 803 2477 uel
819 2432 836 2477 o
859 2411 999 2498 scriptis,
1024 2410 1065 2478 do
1088 2412 1223 2496 gemina
1238 2433 1254 2478 1
1274 2411 1388 2478 littera
1402 2411 1492 2499 apud

211 2519 369 2604 antiquos
400 2519 520 2606 posita,
552 2517 593 2586 de
616 2517 790 2585 uocabulis
821 2517 1004 2585 secundum
1035 2521 1185 2585 ueterem
1215 2517 1490 2586 consuetudinem

201 2646 269 2712 ‚per
292 2646 321 2709 ο,
343 2628 425 2693 tunc
447 2646 506 2712 per
525 2646 544 2692 e
567 2626 706 2712 seriptis,
732 2624 773 2692 de
796 2625 1021 2710 geminatione
1043 2624 1176 2692 litterae
1199 2625 1219 2691 l.
1265 2625 1351 2690 Tum
1374 2626 1415 2693 de
1443 2625 1491 2691 eis

210 2753 299 2818 quae
329 2753 388 2819 per
419 2730 484 2798 duo
508 2754 540 2816 u,
572 2753 658 2818 quae
689 2753 748 2820 per
778 2754 802 2798 u
832 2732 888 2799 uel
914 2733 926 2797 i
957 2731 1146 2801 scribentur
1177 2731 1328 2799 similiter
1359 2733 1492 2799 disserit

211 2844 254 2926 (p.
270 2838 376 2920 150,5
400 2843 499 2926 seqq.)
533 2839 621 2906 Hinc
633 2839 742 2926 pergit
755 2842 834 2926 post
848 2839 986 2906 breuem
1002 2838 1255 2908 adnotationem
1272 2838 1312 2906 de
1328 2841 1492 2927 scriptura

211 2967 333 3013 uocum
366 2949 484 3015 111111
517 2945 574 3013 uel
605 2950 720 3016 111111
754 2950 788 3014 11
822 2947 913 3014 uocis
946 2948 1170 3032 interuallum,
1208 2967 1310 3032 quam
1347 2945 1492 3033 explicat

210 3051 420 3120 deriuatione
443 3052 692 3136 uocabulorum,
718 3057 753 3120 11
774 3054 890 3140 paucis
913 3052 954 3119 de
977 3054 1173 3141 cettopawnt
1194 3073 1252 3139 per
1275 3053 1340 3119 duo
1363 3075 1387 3118 u
1411 3053 1490 3118 scri-

211 3158 321 3227 bendo
355 3160 537 3226 interiectis
572 3160 615 3227 ed
648 3161 932 3247 praepositionum
966 3180 1042 3226 oum
1076 3159 1187 3225 uerbis
1222 3162 1282 3226 aut
1317 3157 1491 3226 uocalibus

212 3267 472 3354 compositarum
487 3267 718 3333 mutationem.
746 3267 875 3332 Rursus
891 3265 1046 3353 deinceps
1058 3266 1242 3333 secundum
1254 3265 1490 3353 etymologiam

213 3373 421 3456 singmarum
451 3394 572 3440 uocum
603 3373 800 3461 scripturam
832 3372 983 3440 defendit
1005 3377 1046 3460 (p.
1070 3372 1173 3452 luae
1198 3373 1308 3460 seqq.).
1363 3371 1490 3453 Quibus

210 3481 366 3546 tractatis
389 3479 430 3546 de
453 3480 486 3561 h,
517 3479 632 3548 littera
653 3481 699 3548 111
721 3479 877 3567 ponenda
898 3484 976 3567 post
998 3500 1074 3546 eam
1096 3477 1243 3545 litteram
1266 3479 1318 3546 cui
1339 3478 1492 3546 conferat

208 3585 471 3673 adspirationem
502 3608 617 3663 neone,
649 3587 801 3675 disputat
830 3589 932 3673 atque
962 3606 1072 3675 pauca
1101 3584 1143 3652 de
1174 3585 1285 3653 uerbis
1316 3606 1403 3672 quae
1430 3584 1490 3652 ad-

210 3693 426 3780 spirationem
441 3693 565 3761 habere
582 3693 730 3761 debeant
748 3694 805 3760 uel
818 3694 1062 3760 imminuentur
1080 3692 1204 3760 subicit
1219 3692 1259 3780 (p.
1275 3693 1489 3779 152,8seqq.)

209 3800 362 3887 Denique
385 3801 610 3888 adspiratione
634 3822 721 3888 quae
744 3801 957 3887 potissimum
971 3803 1139 3888 pertineat
1162 3798 1245 3885 ady
1268 3802 1338 3866 etr
1359 3798 1489 3866 litteras

208 3907 346 3974 uberius
367 3907 538 3994 explicata
560 3907 763 3976 Graeoomm
785 3908 964 3974 uerborum
985 3929 1044 3995 per
1066 3931 1083 3973 1
1105 3907 1161 3974 uel
1184 3928 1218 3972 ss
1242 3905 1489 3972 scribendorum

209 4035 310 4080 usum
332 4014 493 4101 exemplis
515 4013 663 4081 illustrat
686 4019 725 4102 tp.
743 4015 816 4097 154,
826 4017 865 4098 7).

314 4121 408 4188 Η111
431 4120 636 4188 omniafere
659 4121 710 4188 111
733 4124 815 4188 sunt
837 4124 1040 4209 comparata,
1073 4123 1112 4186 ut
1139 4119 1262 4207 optime
1286 4120 1491 4187 conueniant

206 4247 421 4258 ——.—...

316 4316 334 4387 ι1
355 4317 473 4388 Scripsit
490 4317 643 4373 Suetonius
661 4317 697 4373 de
714 4319 844 4388 ι11111111
864 4317 950 4372 hoec:
978 4315 1224 4388 ‘orthographiam
1248 4355 1255 4371 .
1275 4355 1308 4371 ..
1334 4331 1392 4370 non
1415 4315 1488 4371 adeo

206 4406 342 4472 custodit.
360 4423 395 4462 11
412 4405 525 4460 uidetur
543 4421 639 4461 eorum
657 4406 753 4478 potius
771 4405 852 4478 sequi
870 4406 1038 4478 opinionem,
1057 4405 1106 4477 qui
1123 4403 1239 4476 perinde
1251 4404 1437 4471 scribendum,
1455 4419 1489 4458 ac

209 4495 365 4567 loquamur,
384 4494 560 4550 existiment'

314 4585 334 4644 'l
352 4583 388 4640 ci.
406 4599 433 4655 p.
449 4582 544 4650 14e,5:
572 4582 725 4655 'digamma
753 4585 917 4641 nominatur
941 4585 989 4654 111.
1017 4584 1113 4640 littere
1136 4582 1205 4638 inf
1234 4582 1345 4638 litterae
1366 4581 1489 4652 speciem

208 4673 352 4744 figurate),
372 4673 439 4744 quia
458 4673 529 4728 duos
548 4672 642 4744 apices
662 4689 696 4727 ex
715 4688 829 4742 gamma
846 4673 943 4728 littera
961 4672 1065 4728 hebere
1083 4670 1230 4728 uideatur’.
