3458 5100
731 309 953 377 „37-

310 486 403 568 Quae
426 507 502 553 cum
525 489 576 553 ita
598 488 665 553 sint
691 490 781 554 recte
803 486 912 555 Probo
935 488 1071 575 Beryllo
1094 487 1231 572 Vergilii
1252 486 1482 555 defensionem

202 593 391 660 uindicasse
429 593 528 660 nobis
565 593 725 662 uidemur.
761 593 832 660 ·Ad
869 592 1015 660 Probum
1054 594 1157 661 etiam
1194 594 1370 662 referenda
1407 615 1482 661 esse

202 704 361 789 putamus
392 721 480 788 quae
511 699 555 766 ad
576 700 712 784 Vergilii
743 721 878 768 uersum
909 721 1017 785 georg.
1039 701 1120 768 1115
1151 701 1192 768 de
1222 700 1374 768 Busiride
1403 721 1481 786 rege

199 807 439 892 crudelissimo,
460 827 560 894 quem
575 806 881 874 ‘inlaudatum’
900 808 1037 875 uocauit
1051 811 1161 895 poeta,
1179 812 1215 875 et
1226 807 1270 874 ad
1281 809 1364 874 Aen.
1376 807 1481 874 X3l4

203 915 244 982 de
263 915 394 981 ‘tunica
409 934 491 980 auro
514 913 639 995 squal
648 936 666 981 e
675 918 758 981 nte’
776 916 893 982 contra
906 919 1028 1001 poetae
1043 913 1253 983 aduersarios
1268 913 1482 1002 proferrmtur

198 1020 290 1108 apud
321 1019 465 1088 Gellium
494 1021 514 1086 1
538 1041 576 1103 s.;
608 1020 685 1087 uide
716 1019 804 1087 infra
833 1043 863 1108 p.
883 1021 935 1089 79.
959 1022 1011 1088 81.
1057 1021 1129 1103 Quo
1159 1024 1249 1088 teste
1278 1023 1368 1088 inter
1397 1021 1481 1089 alios

199 1129 304 1195 etiam
339 1127 506 1194 Cornutus
544 1148 644 1194 uoces
682 1128 781 1194 modo
821 1130 1097 1195 commemoratas
1133 1127 1329 1195 offenderat.
1383 1128 1482 1195 Pr0bi

198 1239 316 1302 autem
339 1235 523 1302 auctoritas
546 1233 781 1322 comprobatur
803 1254 879 1301 cum
903 1235 1061 1302 continuo
1077 1235 1168 1322 apud
1183 1233 1327 1302 Gellium
1344 1238 1480 1302 senten-

198 1344 323 1409 tiarum
346 1363 477 1408 conexu
498 1344 572 1407 tum
594 1342 668 1428 pari
690 1339 928 1428 disputationis
950 1342 1080 1409 ratione
1113 1342 1202 1408 illius
1232 1343 1290 1429 qui
1320 1340 1480 1427 defendit,

198 1451 219 1516 i.
236 1470 262 1516 e.
286 1448 419 1536 Berytii.
464 1449 598 1514 Etenim
622 1449 721 1515 sicuti
742 1451 909 1515 ‘uexasse'
934 1448 1071 1516 ductum
1089 1469 1164 1516 esse
1180 1469 1202 1514 a
1217 1449 1325 1516 ‘ueho'
1342 1449 1480 1516 demon-

199 1557 332 1642 strauit,
367 1557 417 1623 ita
451 1554 602 1621 similiter
636 1555 869 1641 ‘squalentem’
904 1577 926 1622 a
959 1560 1123 1642 ‘squama'
1157 1556 1377 1623 deriuandum
1403 1576 1479 1622 esse

203 1666 274 1729 stat
300 1663 370 1751 ·t;1)
385 1683 494 1749 neque
509 1663 620 1728 minus
637 1661 832 1728 ‘inlaudati'
856 1663 948 1729 uocis
965 1661 1115 1729 defensio
1139 1663 1239 1729 ‘unde
1262 1661 1478 1730 “inlaudati'’

200 1769 411 1857 participium
427 1771 480 1835 est
494 1789 553 1856 pro
576 1768 721 1836 nomine’
746 1769 889 1836 eandem
909 1770 998 1856 sapit
1014 1770 1183 1837 doctrinae
1198 1768 1353 1852 indolem,
1378 1789 1479 1856 quam

198 1877 356 1943 nouimus
377 1877 413 1942 in
435 1875 570 1962 Berytio
593 1876 818 1960 grammatico.

305 1982 367 2050 His
389 1967 545 2050 tractatis
565 2003 634 2049 non
649 1982 859 2050 dubitassem
874 1982 918 2050 ad
933 1983 1018 2049 alias
1034 1983 1170 2050 Cornuti
1186 1983 1369 2071 opiniones,
1394 2004 1480 2070 quas

198 2090 337 2177 quidem
359 2090 568 2175 grammatici
590 2088 646 2155 uel
660 2091 860 2176 posteriores
876 2088 1012 2174 Vergilii
1030 2091 1230 2176 interpretes
1245 2089 1478 2174 refutauerint,

200 2198 350 2280 transire,
372 2197 438 2262 nisi
464 2199 607 2263 restaret
636 2195 872 2280 fragmentum,
906 2217 971 2283 quo
1003 2200 1180 2264 occurrunt
1210 2195 1347 2263 Gomuti
1377 2201 1480 2284 atque

198 2304 299 2371 Probi
322 2304 466 2370 nomina.
502 2301 598 2383 Quod
619 2301 845 2386 fragmentum
866 2325 888 2370 a
902 2303 984 2369 uiris
1000 2302 1107 2371 doctis
1123 2305 1317 2391 saepissime
1332 2307 1480 2390 tomma-

198 2415 273 2476 tum
295 2431 338 2478 ne
361 2410 560 2497 praeterisse
580 2409 780 2496 quibusdam
796 2409 922 2494 uidear,
946 2411 1015 2478 iam
1031 2432 1118 2498 quae
1134 2410 1275 2478 dicenda
1289 2411 1479 2498 putauerim

198 2517 371 2604 proferam.
413 2515 550 2601 Legitur
573 2516 662 2584 enim
685 2516 775 2602 apud
791 2516 944 2584 Seruium
967 2521 1105 2585 auctum
1129 2517 1173 2584 ad
1195 2538 1303 2602 georg.
1318 2516 1334 2584 1
1349 2517 1415 2586 277
1437 2516 1478 2583 de

196 2624 333 2710 ‘pallido
357 2621 463 2690 Oroo’:
494 2621 639 2690 ‘Probus
666 2624 788 2692 Orchia
819 2628 868 2706 (us
897 2623 1030 2691 litterae
1062 2627 1275 2692 euanuerunt
1304 2625 1340 2690 in
1366 2622 1479 2691 codice

194 2730 275 2797 olim
298 2730 537 2813 Lemouicensi,
561 2751 651 2796 nunc
675 2729 829 2797 leidensi
850 2730 887 2814 Ll
910 2731 1001 2817 legit,
1025 2730 1192 2798 Cornutus
1222 2735 1320 2799 uetat
1350 2731 1478 2818 aspira·

196 2839 322 2904 tionem
350 2835 558 2903 addendam’.
603 2841 653 2905 Ac
688 2837 830 2923 primum
865 2837 1000 2924 quidem
1034 2838 1075 2905 de
1109 2839 1217 2906 Probo
1251 2838 1306 2905 hic
1339 2837 1477 2905 laudato

196 3069 277 3124 Vnde
307 3071 433 3140 apparet,
464 3085 521 3124 non
552 3068 623 3123 satis
653 3068 828 3125 intellexisse
858 3069 979 3125 scribam
1010 3070 1243 3125 commentatoris
1273 3069 1383 3140 antiqui
1414 3085 1477 3124 sen-

196 3158 325 3224 tentiam,
354 3158 401 3229 qui
428 3157 457 3212 in
485 3157 611 3227 margine
638 3157 829 3229 adscripscrat
856 3161 894 3214 ad
917 3157 1055 3229 ‘gurgitis’
1076 3174 1178 3214 uocem
1197 3159 1391 3228 explicandam
1410 3158 1478 3213 illue

192 3243 291 3314 ‘mari',
310 3246 347 3301 ad
366 3245 454 3302 totius
472 3263 540 3302 nero
559 3261 658 3301 uersus
676 3262 791 3301 sensum
812 3247 855 3302 uel
873 3245 1010 3302 ‘amasse’
1033 3247 1203 3303 uocabulum
1226 3253 1363 3319 tanquam
1387 3248 1477 3303 leuius

192 3351 229 3390 ac
247 3352 345 3407 parum
364 3338 446 3391 atrox
465 3335 680 3406 uitupercndum
706 3336 774 3390 illud
792 3335 851 3408 ‘per
870 3333 1039 3407 tapinosim'.
1077 3336 1155 3403 Quae
1180 3353 1244 3391 curn
1269 3336 1316 3391 ille
1340 3337 1369 3391 in
1391 3353 1476 3391 unam

194 3424 355 3480 confuderit
372 3425 597 3491 adnotationem,
625 3425 667 3480 ite
694 3426 824 3481 uidentur
852 3425 1027 3481 restituenda
1045 3441 1108 3480 esse
1125 3426 1214 3481 uerba
1231 3422 1392 3496 interpretis
1411 3424 1476 3478 Ber-

195 3514 304 3570 nensis:
322 3512 487 3584 ‘Gurgite
502 3514 599 3581 „mari3
628 3531 783 3570 uexasse
809 3531 860 3586 per
887 3512 1056 3585 tapinosim'.
1095 3515 1150 3570 Sed
1170 3515 1215 3569 cui
1233 3513 1385 3586 displicent
1403 3529 1475 3585 quae

196 3603 344 3674 proposui,
382 3603 485 3675 quippe
516 3604 563 3676 qui
594 3604 826 3675 amplificauerim
856 3603 993 3659 traditum
1023 3604 1172 3659 uerborum
1208 3603 1359 3667 ambitum,
1397 3603 1477 3671 legat

194 3691 291 3763 potius
318 3692 500 3748 distinctione
524 3692 605 3748 lacta
632 3694 687 3749 hoc
715 3694 815 3750 modo:
833 3692 997 3764 ‘Gurgite
1019 3694 1098 3748 mari.
1115 3693 1119 3762 Ι
1135 3692 1190 3748 Per
1207 3689 1377 3764 tapinosim’,
1415 3691 1475 3758 Quo

195 3779 322 3836 eflicitur
348 3784 381 3836 ut
408 3782 497 3837 uerba
523 3785 590 3852 post
618 3782 829 3838 distinctionem
853 3783 948 3854 posita
972 3782 1010 3838 ad
1031 3782 1122 3837 totins
1140 3798 1238 3837 uersus
1257 3780 1428 3836 sententiam
1446 3779 1475 3833 in

195 3871 357 3926 uniuersum
375 3873 544 3941 pertineant.

302 3959 322 4028 ¹1
341 3959 377 4015 cf.
396 3959 645 4030 interpretationes
671 3962 820 4017 uerborum
837 3960 973 4032 imprimis
992 3960 1119 4016 Graecae
1141 3959 1254 4029 linguae
1273 3957 1378 4013 auxilio
1396 3956 1475 4012 insti-

194 4049 282 4114 tutas,
311 4064 382 4120 quas
410 4035 540 4104 e'Probi
566 4049 595 4104 in
623 4049 740 4121 Vergilii
767 4049 897 4106 bucolica
925 4052 955 4104 et
980 4049 1114 4119 georgica
1141 4047 1281 4119 excerptis
1306 4045 1421 4117 collegit
1441 4045 1475 4102 B.

193 4136 323 4204 Kuebler‚
352 4135 387 4192 de
413 4137 451 4192 M.
469 4137 573 4193 Valerii
591 4137 675 4194 Probi
692 4138 799 4210 Berytii
820 4139 1028 4194 commentariis
1047 4137 1214 4208 Vergilianis
1243 4136 1375 4208 (Berolini
1395 4135 1474 4205 1881)

194 4225 270 4297 p.29
287 4242 366 4297 seqq.
403 4226 457 4294 Qui
484 4243 547 4282 cum
576 4226 612 4283 de
638 4228 724 4283 Probi
751 4227 923 4284 auctoritate
950 4227 1123 4283 dubitauerit
1149 4229 1264 4298 propter
1281 4225 1394 4296 ineptes
1412 4224 1475 4280 illas

191 4317 289 4386 etque,
308 4320 342 4370 ut
359 4315 457 4382 uoluit,
473 4319 534 4372 tem
551 4320 636 4372 notas
655 4316 867 4388 explicationes,
884 4315 928 4373 ‘ut
945 4321 1104 4372 sectatores
1122 4315 1340 4387 grammaticum
1358 4313 1474 4369 derisuri

192 4403 307 4469 luerint,
326 4403 350 4458 si
368 4420 416 4460 eas
435 4403 630 4475 exposuisset,
658 4405 767 4477 Berytii
784 4407 909 4462 auctoris
928 4406 1087 4461 doctrinam
1106 4404 1261 4460 uindicauit
1278 4403 1322 4457 Fr.
1342 4403 1421 4458 Marx
1445 4401 1474 4456 in

194 4491 415 4549 luculentissima
424 4494 453 4549 G.
463 4493 561 4548 Lucilii
576 4493 731 4550 carminum
743 4495 922 4568 reliquiarum
936 4494 1067 4559 editione,
1077 4494 1133 4550 uol.
1143 4495 1155 4549 l
1166 4493 1249 4565 (Lips.
1261 4490 1339 4562 leot)
1349 4491 1474 4563 prolegg.

193 4597 221 4652 p.
239 4581 359 4648 LXXIV,
377 4579 423 4638 ‘ne
450 4582 534 4638 nimis
562 4582 741 4638 confidentes
767 4600 821 4638 nos
850 4584 935 4640 hodie
962 4583 1049 4638 simus
1075 4583 1106 4638 in
1132 4583 1276 4638 sententia
1298 4579 1417 4637 ferenda
1439 4577 1474 4632 de

190 4670 376 4743 grammatico
396 4687 493 4742 parum
513 4669 592 4726 noto’
610 4671 670 4726 iure
688 4671 850 4729 admonens.
