3458 5100
781 259 1003 324 -60-

249 440 415 521 ἀποτροπή
438 435 478 506 ad
503 437 587 509 εἶδος
601 439 878 522 συμβουλευτικόν,
902 440 1029 510 ἔπαινος
1045 439 1079 503 el
1093 439 1199 521 ψόγος
1214 435 1258 502 ad
1280 437 1365 510 0ῖόος
1386 463 1529 524 πανηγυ-

250 547 356 627 praem
379 541 418 611 ci.
442 542 634 610 Volkmann
656 543 676 616 l.
700 565 726 610 s.
748 565 778 630 p.
801 543 854 610 20.

356 649 445 716 Nihil
476 649 547 716 iere
577 653 750 736 praeterea
773 652 895 716 scimus
919 650 960 717 de
982 650 1046 717 hoc
1069 650 1206 718 Cornuti
1228 651 1395 738 opusculo.
1441 651 1531 718 Nam

250 760 361 824 cetera
399 778 486 842 quae
523 760 656 824 restant
689 756 752 822 sub
787 757 860 823 eius
897 757 1031 823 nomine
1064 757 1255 841 fragmenta
1288 758 1454 826 rhetorica
1488 756 1530 825 de

250 868 401 931 statuum
434 862 585 930 doctrina
615 864 650 929 in
677 863 836 951 anonymi
859 863 1027 951 scriptoris
1049 866 1208 949 περὶτῶν
1230 867 1372 932 στάσεων
1395 865 1532 932 scholiis

249 972 280 1036 V
295 970 402 1054 593,2
417 971 481 1053 W,
504 971 539 1036 in
556 969 688 1054 Syriani
709 970 746 1036 in
761 969 914 1054 Hermog.
931 991 1046 1037 comm
1062 971 1091 1036 Π
1106 969 1221 1054 60,19.
1245 971 1353 1051 201,8
1375 971 1471 1038 Habe
1495 977 1532 1038 et

250 1077 292 1144 de
314 1081 423 1144 κώλου
453 1082 488 1145 01
510 1079 675 1162 κόμματος
690 1076 902 1159 delinitione,
927 1097 1027 1163 quam
1055 1075 1259 1165 deprompsit
1280 1099 1469 1166 anonymus
1492 1079 1528 1144 in

249 1184 403 1268 Hermog.
436 1184 478 1250 de
508 1183 550 1252 id
578 1183 648 1251 libr.
677 1183 859 1251 scholiasta
885 1204 927 1250 ex
949 1183 1107 1250 haoharis
1131 1184 1302 1271 sophistae
1325 1188 1397 1270 περὶ
1418 1188 1531 1252 κώλου

250 1294 304 1358 καὶ
318 1295 487 1376 κόμματος
501 1293 555 1356 καὶ
569 1294 721 1375 περιόδου
738 1289 896 1377 opusculo
912 1289 1092 1374 V11931,1
1111 1291 1162 1358 W.
1179 1295 1234 1374 (ι-
1250 1291 1287 1359 G.
1305 1290 1526 1374 Studemund,

250 1398 469 1466 Ps.·Gastoris
500 1402 656 1484 excerpta
685 1397 850 1464 rhetorica
880 1395 1116 1486 [Vratislauiae
1143 1396 1237 1487 1888)
1262 1419 1291 1485 p.
1316 1399 1358 1481 8),
1391 1399 1529 1465 alteri

250 1504 381 1572 cuidam
404 1505 608 1588 Cornuto,
641 1503 696 1590 qui
720 1504 882 1590 posterior
903 1503 970 1571 fuit
992 1504 1143 1588 Annaeo,
1170 1505 1386 1572 attribuenda
1409 1508 1530 1587 00011)

251 1612 356 1693 Quem
378 1615 456 1699 post
479 1612 721 1695 Hermogenem
749 1613 886 1678 etanta
909 1611 1070 1699 Apsinem
1100 1612 1226 1678 uixisse
1256 1611 1337 1678 mihi
1359 1612 1530 1698 persuasit

251 1719 407 1787 Graeven
440 1718 460 1785 l.
484 1740 509 1784 s.
537 1740 567 1806 p.
583 1717 685 1803 XIIX,
722 1718 787 1783 nisi
821 1717 910 1803 quod
943 1722 1143 1801 argumenta
1177 1719 1338 1785 exsistere
1372 1719 1531 1802 grauiora

250 1825 452 1909 negauerim,
477 1826 597 1911 quibus
619 1825 803 1911 propiorem
826 1823 932 1891 fuisse
953 1823 1048 1890 illum
1063 1824 1246 1891 Cornutum
1268 1826 1403 1913 Apsinis
1427 1847 1528 1913 quarn

250 1932 469 2015 Hermogenis
490 1933 605 1999 'aetati
635 1937 707 1998 tam
737 1931 912 2018 explorata
940 1931 1079 2015 ratione,
1110 1953 1177 2019 qua
1207 1954 1291 1999 usus
1322 1937 1374 1998 est
1401 1933 1455 1999 ille
1478 1935 1533 2000 uir

251 2040 380 2122 doctuS,
420 2039 529 2106 euinci
558 2041 672 2126 possit.
727 2039 816 2106 Satis
849 2041 964 2105 autern
993 2037 1157 2126 probabili
1186 2041 1316 2107 ratione
1347 2039 1530 2123 genuinam

249 2148 421 2212 rhetorum
444 2146 688 2214 successionem
711 2149 881 2212 seruatam
904 2166 978 2212 esse
1000 2145 1056 2212 ille
1079 2145 1262 2213 arbitratus
1286 2151 1340 2213 est
1367 2152 1401 2213 et
1423 2148 1531 2233 priore

250 2274 349 2338 quem
372 2253 469 2320 modo
493 2252 630 2320 laudaui
646 2251 780 2340 Syriani
794 2251 875 2338 loco,
899 2253 959 2318 ubi
981 2257 1284 2320 commemorantur
1306 2254 1530 2337 MinucianuS,

251 2359 349 2442 Zeno,
373 2360 610 2444 Hermogenes
634 2359 880 2446 Metrophanes
904 2359 1132 2446 Harpocratio,
1149 2360 1325 2443 Cornutus
1347 2360 1530 2444 Euagorae,

250 2466 383 2553 Aquila,
419 2471 454 2533 ct
487 2467 531 2532 ab
553 2467 732 2554 Anonymo
755 2465 816 2531 VH
839 2465 914 2553 930,
924 2467 967 2533 25
999 2488 1087 2552 seqq.
1110 2465 1174 2547 W..
1209 2468 1266 2553 qui
1299 2466 1419 2534 laudat
1452 2471 1532 2555 post

250 2574 431 2640 Isocratem
464 2572 667 2656 Lollianum,
701 2572 895 2656 Basilicum,
930 2572 1127 2657 Cornutum,
1162 2575 1330 2660 Apsinem.
1383 2573 1530 2662 Vterque

252 2681 339 2748 enim
364 2679 442 2746 ordo
466 2680 618 2762 congruit
640 2701 716 2746 cum
739 2682 787 2746 eis
810 2701 896 2766 quae
920 2681 1056 2747 aliunde
1079 2679 1121 2747 de
1136 2681 1342 2764 singulorum
1357 2681 1529 2748 rhetorum

251 2790 365 2854 aetate
390 2789 424 2852 et
452 2787 660 2853 successione
684 2785 867 2876 colligerei)
889 2807 1078 2873 possumus,
1110 2788 1176 2853 nisi
1198 2787 1287 2874 quod
1310 2789 1530 2875 Harpocratio

251 2895 363 2980 aptius
387 2896 467 2960 ante
489 2893 742 2980 Metrophanem
764 2893 912 2980 ponitur,
939 2915 1019 2961 nam
1041 2895 1277 2982 Metrophanes
1301 2898 1417 2962 contra
1439 2895 1528 2961 Har-

250 3001 477 3088 pocrationem
511 2999 706 3087 disputauit,
741 3000 774 3066 id
809 2999 897 3086 quod
931 3002 1016 3067 satis
1050 3001 1183 3068 edocuit
1217 3025 1235 3068 e
1263 2999 1396 3086 Georgii
1426 3001 1529 3084 Meni,

251 3107 371 3174 codicis
387 3106 529 3174 Parisini
545 3109 632 3174 2919
649 3107 803 3189 unctoria,
819 3108 1012 3175 testimonio
1027 3108 1062 3174 L.
1080 3108 1246 3194 Schilling,
1263 3116 1391 3195 quaest.
1406 3108 1529 3175 rhetor.

252 3215 364 3281 select.
388 3213 518 3298 (Annal.
540 3214 650 3303 philol.
675 3214 780 3301 suppl.
804 3214 940 3281 XXVIII
964 3213 1089 3304 [1903})
1111 3238 1141 3302 p.
1159 3216 1236 3300 7493
1268 3216 1308 3282 de
1338 3215 1530 3282 Minuciano

252 3321 319 3406 egit
341 3344 371 3408 p.
387 3321 453 3388 753
469 3342 567 3407 seqq,
594 3321 634 3388 de
657 3321 919 3408 Harpocratione
942 3344 972 3408 p.
988 3322 1053 3390 742
1070 3343 1137 3408 seq.
1182 3321 1237 3387 Nil
1268 3325 1382 3388 antem
1414 3322 1531 3389 obstat

252 3429 429 3514 quominus
453 3427 601 3495 ordinem
624 3449 739 3495 eorum
766 3430 822 3514 qui
853 3433 933 3496 ante
955 3428 1199 3512 Hermogenem
1229 3429 1420 3515 scripserint
1449 3429 1527 3496 rhe-

251 3539 362 3603 torum
375 3535 426 3601 ita
441 3535 696 3618 constituamus,
713 3537 752 3601 ut
768 3535 946 3622 Syrianam
962 3541 997 3602 et
1012 3537 1228 3621 Anonymum
1251 3537 1357 3602 secuti
1373 3535 1531 3622 deinceps

252 3642 421 3730 scripsisse
451 3644 610 3728 putemus
639 3640 837 3727 Lolhanum,
868 3640 1057 3726 Basilicum,
1082 3642 1318 3725 Minucianum,
1351 3642 1528 3724 Zenonem,

252 3771 328 3817 cum
338 3753 417 3836 post
426 3748 669 3832 Hermogenem
681 3748 806 3816 eisdem
820 3749 874 3816 usi
883 3749 1031 3815 testibus
1046 3769 1211 3835 ponamus
1223 3748 1530 3836 HarpocratIonem,

252 3856 512 3943 Metrophanem,
526 3855 718 3940 Gomntum,
731 3854 901 3942 Apsinem,
918 3854 1115 3941 Euagoram,
1128 3855 1293 3943 Aquilam.
1324 3855 1529 3936 Quibuscum

253 3965 468 4030 consentiunt
498 3983 583 4049 quae
614 3962 656 4030 de
689 3962 827 4046 singulis
859 3962 1046 4049 disputauIt
1076 3962 1124 4029 St.
1145 3961 1368 4047 Gloeckncr,³)
1400 3966 1530 4050 quaest.

360 4108 379 4175 1)
397 4105 658 4171 cl.Graeven,Corn
673 4104 1037 4177 prolcgg.p.XXVIleeqq.;
1047 4105 1093 4171 id.,
1103 4105 1530 4177 Ηο0010οΧΧΧ)1895)0.805)8.

359 4195 378 4263 ’)
397 4194 434 4250 01.
446 4195 575 4250 Graeven
594 4196 611 4251 l.
625 4211 646 4250 s.
666 4211 693 4265 p.
705 4194 816 4250 XXVII.
834 4194 933 4248 XXIX.

359 4285 379 4353 8)
397 4284 440 4338 De
458 4283 594 4350 Lolliano,
619 4284 667 4356 qui
690 4283 832 4354 proxImns
861 4283 1050 4338 Minucianum
1078 4288 1108 4339 01
1133 4283 1339 4354 Hermogenem
1366 4284 1529 4355 praecessit,

253 4373 410 4443 disputauit
427 4373 445 4427 l.
458 4389 480 4428 e.
499 4389 527 4444 p.
539 4372 653 4437 50-114,
674 4372 709 4427 (10
726 4372 848 4428 Basilice
866 4389 893 4444 p.
906 4372 942 4426 58
959 4389 1018 4444 seq.
1055 4373 1098 4428 De
1109 4371 1269 4440 Minuciam,
1289 4373 1368 4428 cuine
1387 4375 1477 4430 artem
1493 4374 1530 4428 ab

252 4461 429 4532 Hermogene
445 4461 641 4532 Impugnatam
659 4477 721 4516 esse
739 4461 921 4526 demonstrat,
941 4461 1003 4517 uita
1015 4461 1074 4532 egit
1085 4478 1112 4534 p.
1125 4461 1240 4516 22-24.
1277 4462 1417 4517 Zenonem
1435 4461 1530 4517 medio

252 4549 313 4605 fere
340 4549 430 4605 altero
457 4565 485 4619 p.
502 4548 565 4603 Chr.
588 4566 615 4604 n.
642 4550 755 4605 saeculo
782 4549 903 4605 Athenis
930 4550 1059 4606 docuisse
1087 4550 1156 4606 dicit
1179 4567 1206 4621 p.
1221 4549 1281 4606 106.
1313 4550 1473 4622 Euagoram
1500 4553 1532 4605 01

252 4637 383 4710 Aquilam
401 4654 458 4693 non
477 4641 545 4692 ante
563 4654 668 4693 annum
686 4655 712 4708 p.
727 4638 790 4694 Ghr.
803 4655 830 4693 n.
849 4637 903 4694 250
920 4639 1052 4696 floruisse
1071 4643 1155 4711 putat
1172 4655 1200 4710 p.
1213 4638 1257 4695 69.
