3458 5100
740 333 961 398 -21,

211 511 319 580 uerba
348 530 411 577 nec
440 510 607 598 propriam
637 508 793 577 uocabuli
827 510 1107 594 significationem
1141 514 1203 578 aut
1235 511 1491 578 translationem

212 637 323 704 neque
346 617 606 701 coniunctiones,
637 616 823 703 articulum,
852 618 1059 702 negationes,
1083 617 1262 686 indefinita
1286 617 1336 701 (ci
1352 619 1491 708 Dexipp.

213 747 244 812 p.
261 724 315 808 32,
325 725 368 790 10
377 728 477 812 seqq.)
505 723 571 790 hac
599 723 635 790 in
666 745 701 791 re
732 724 1025 801 considerabimus,
1056 725 1116 792 sed
1139 728 1159 810 ἡ
1182 728 1271 798 θέσις
1292 732 1358 792 τῶν
1381 728 1492 792 ἁπλῶν

212 837 339 916 φωνῶν
362 831 525 914 (Ammon.
548 852 578 918 p.
595 829 648 914 14,
658 831 689 914 2)
713 831 785 898 siue
812 835 846 896 oi
866 835 1106 917 προηγουμέναι
1128 835 1293 905 οὐσιώδεις
1314 835 1493 917 κοινότητες

213 945 279 1004 τῶν
301 941 404 1004 ὄντων
427 937 574 1026 (Dexipp.
596 959 626 1024 p.
646 937 696 1021 12,
706 938 738 1019 9)
761 937 987 1025 respiciendae
1010 941 1099 1005 sunt.
1144 940 1182 1005 In
1205 940 1268 1007 hoc
1291 960 1371 1006 uero
1400 960 1491 1006 erra-

215 1047 339 1112 uerunt
352 1044 589 1112 Athenodorus
605 1047 641 1112 et
655 1045 829 1129 cornutus,
853 1047 910 1132 qui
929 1046 1093 1112 rationem
1109 1067 1196 1133 quae
1215 1045 1391 1113 intercedit
1405 1046 1493 1113 inter

213 1153 419 1236 categoriam
441 1152 476 1218 et
499 1150 696 1219 elocutionis
719 1172 842 1237 genera
863 1172 933 1220 non
955 1153 1039 1218 satis
1061 1156 1308 1240 perspexerunt
1356 1151 1492 1219 Etenim

214 1262 391 1346 utramque
426 1258 634 1346 disciplinam
671 1260 707 1324 in
746 1258 872 1326 eisdem
909 1259 1010 1326 rebus
1044 1259 1229 1327 tractandis
1267 1259 1394 1327 uersari
1428 1260 1493 1326 sibi

1 1349 13 1456 [
103 1459 106 1464 Ι
216 1368 453 1452 persuaserant
476 1368 578 1452 atque
609 1366 723 1432 omnia
749 1365 793 1432 ad
823 1366 1045 1434 elocutionem
1074 1365 1272 1434 referebant.
1318 1365 1414 1448 Quod
1443 1366 1493 1433 ita

214 1470 445 1559 complectitur
458 1459 662 1560 Porphyrius
681 1494 712 1560 p.
728 1473 781 1548 58,
791 1473 944 1561 34seqq.,
967 1473 1101 1560 utquid
1119 1473 1254 1541 intersit
1267 1474 1356 1541 inter
1370 1498 1491 1558 σημαν-

213 1580 304 1652 τικάς
325 1581 423 1655 λέξεις
445 1587 509 1646 τῶν
531 1583 737 1665 πραγμάτων,
768 1582 856 1647 καθά
879 1585 935 1647 είσι
958 1583 1079 1647 τούτων
1102 1584 1292 1666 σημαντικαί
1312 1582 1348 1647 et
1369 1606 1491 1665 σημαν-

214 1687 301 1759 τικάς
322 1688 419 1762 λέξεις
441 1695 497 1769 τοῦ
519 1689 653 1770 τάποοῙ)
676 1694 741 1754 τῶν
763 1695 896 1773 φωνῶν,
919 1689 1006 1755 καθὸ
1028 1690 1121 1754 τάποι
1150 1691 1207 1755 εἰσί
1229 1689 1381 1754 τοιούτων
1403 1691 1492 1755 recte

213 1793 421 1860 intellexisse
454 1793 529 1861 illos
562 1798 671 1880 neget
721 1795 830 1877 Quam
862 1793 983 1864 falsam
1017 1795 1066 1862 rei
1100 1795 1290 1883 opinionem
1324 1796 1440 1882 utique
1471 1817 1493 1860 a

212 1900 335 1968 Stoicis
364 1900 549 1988 profectam
570 1901 742 1990 Dexippus
773 1903 906 1970 refutat.
953 1903 1016 1985 Qui
1046 1903 1126 1990 quin
1158 1896 1199 1969 de
1222 1901 1429 1969 Adranodori
1458 1904 1493 1968 et

213 2007 352 2074 Comuti
367 2009 545 2074 sententiis
566 2008 762 2093 cogitauerit
785 2008 923 2076 dubium
945 2031 1013 2076 non
1037 2009 1100 2076 erit
1122 2009 1162 2092 ei,
1187 2009 1244 2096 qui
1265 2008 1384 2093 legerit
1406 2028 1492 2095 quae

212 2115 353 2202 protulit
382 2114 584 2202 Porphyrius
611 2137 641 2203 p.
662 2116 769 2201 59,10
796 2119 832 2183 et
857 2137 887 2203 p.
908 2117 961 2202 86,
971 2117 1015 2182 20
1046 2115 1132 2200 (uide
1154 2139 1185 2204 p.
1204 2115 1268 2198 76).
1313 2114 1493 2182 Praeterea

213 2221 402 2308 Simplicius
429 2225 608 2309 utrumque
638 2224 792 2290 nominat
822 2226 940 2310 utpote
963 2221 1171 2291 defensorem
1201 2223 1257 2289 uel
1286 2222 1398 2309 potius
1429 2243 1492 2287 au-

212 2333 337 2397 ctorem
358 2329 458 2395 huius
475 2329 639 2416 opinionis
657 2329 743 2413 (uide
758 2329 865 2412 inira).
899 2330 1015 2417 Neque
1031 2332 1146 2397 tamen
1162 2329 1206 2396 ad
1220 2327 1314 2395 illum
1328 2331 1493 2415 tanquam

213 2435 344 2503 fontem
377 2436 561 2520 genuinum
595 2440 698 2524 atque
733 2437 925 2524 primarium
958 2456 1122 2504 recurrere
1155 2435 1242 2520 licet
1280 2435 1401 2523 quippe
1436 2435 1493 2521 qui

213 2542 477 2630 Porphyrianam
500 2542 685 2611 doctrinam
707 2543 772 2610 hac
798 2546 833 2610 in
856 2565 891 2611 re
914 2543 1070 2611 exhibere
1101 2543 1265 2610 uideatur.
1311 2543 1492 2630 Aptissima

211 2651 302 2716 enim
325 2651 412 2716 inter
435 2671 471 2716 se
494 2651 707 2736 cohaerereff)
731 2672 817 2739 quae
842 2656 1019 2718 occurrunt
1041 2650 1130 2738 apud
1153 2653 1342 2737 utrumque,
1362 2649 1492 2716 uidebis

211 2778 256 2823 ex
278 2757 344 2824 his:

212 2863 371 2952 Porphyr.
394 2887 424 2952 p.
441 2865 494 2948 59,
505 2866 560 2932 10:
880 2864 1022 2952 Simplic.
1034 2864 1056 2931 f.
1069 2865 1200 2931 5¹24:
1211 2862 1491 2930 eobadn.***ssr.:

880 2975 934 3038 καὶ
950 2975 989 3057 δη
1007 2975 1062 3038 καί
1081 2974 1292 3056 ἀντιλέγουσιν
1311 2973 1399 3054 αὐτῷ
1414 2995 1492 3042 τινες

881 3082 1067 3152 ἀθετοῦντες
1096 3081 1153 3163 τὴν
1184 3080 1340 3162 διαίρεσιν,
1372 3079 1403 3142 oi
1431 3078 1492 3160 μὲν

879 3189 927 3258 ὡς
945 3188 1184 3261 πλεονάζουσαν
1197 3187 1310 3270 μάτην,
1334 3187 1365 3250 oi
1388 3185 1423 3248 δὲ
1446 3186 1492 3255 ὡς

212 3295 247 3357 οἱ
268 3294 339 3377 περὶ
357 3294 625 3378 Ἄδηνόδωρον
645 3295 708 3358 καί
723 3295 824 3378 Καρ·
880 3295 981 3359 πολλὰ
997 3301 1159 3375 παρεῖσαν,
1183 3294 1290 3375 ὥςπερ
1316 3292 1491 3375 Κορνοῦ-

213 3407 364 3464 νοῦσον
395 3403 427 3464 οῖ
456 3401 492 3464 τά
524 3402 701 3484 ζητούμενα
731 3403 825 3485 περὶ
879 3426 948 3472 τος
970 3401 1351 3484 καίἌθηνάδωρος,
1384 3401 1492 3468 οἵτινες

211 3513 287 3571 τῶν
310 3509 450 3581 λέξεων
477 3507 578 3572 καθὸ
601 3509 734 3582 λέξεις,
881 3509 967 3592 περί
989 3509 1129 3582 λέξεων
1144 3508 1285 3590 οἰόμενοι
1300 3506 1354 3570 τὸν
1369 3505 1492 3570 σκοπὸν

224 3599 225 3602 ¹
879 3615 966 3689 εἶναι,
993 3615 1094 3679 καθὸ
1117 3615 1236 3688 λέξεις
1262 3613 1344 3684 εἰσί,
1374 3611 1492 3681 πολλὰς

212 3722 274 3785 σία
301 3721 343 3785 τὸ
370 3721 482 3804 κύρια
510 3722 573 3785 καί
599 3721 641 3785 τὰ
663 3721 825 3806 τροπικὰ
880 3723 977 3796 λέξεις
991 3723 1231 3806 προβάλλοντες,
1254 3719 1318 3790 τὰς
1337 3718 1407 3801 μὲν
1422 3742 1490 3781 κο-

211 3828 277 3892 καί
300 3828 359 3892 ὅσα
382 3834 508 3892 τοιαῦτα
525 3879 532 3892 .
549 3875 579 3892 ..
610 3831 826 3912 προφέροντες
880 3830 975 3912 ρίας,
999 3828 1064 3900 τὰς
1083 3828 1122 3892 δὲ
1136 3826 1333 3911 τροπικάς,
1358 3825 1492 3907 ἐλέγχειν

214 3983 221 3998 .
242 3984 250 3998 .
271 3985 278 3998 .
301 3935 409 4019 ἐλλιπῆ
431 3959 528 4018 φασιν
551 3935 628 4000 εἶναι
649 3935 706 4018 την
730 3936 825 4000 διαί-
880 3935 1068 4019 οἴονταιτὴν
1084 3935 1267 4016 διαίρεσιν
1283 3932 1335 4001 ὡς
1354 3931 1398 3995 οὗ
1421 3931 1490 3993 πά-

211 4065 325 4124 ρεσιν,
349 4043 401 4113 ὡς
417 4045 460 4106 ἂν
475 4043 525 4126 μὴ
549 4042 671 4125 πάσης
694 4049 826 4125 φωνῆς
880 4065 947 4114 σας
969 4041 1034 4113 τὰς
1056 4043 1175 4114 λέξεις
1197 4040 1491 4122 περιλαβοῦσαν,

212 4155 472 4231 σημαντικῆς
506 4151 549 4220 εἰς
584 4150 681 4232 αὐτὴν
710 4173 825 4232 περι·
880 4152 915 4212 οἳ
947 4149 1002 4213 καί
1040 4149 1187 4231 διαίρεσιν
1220 4151 1285 4211 τῶν
1324 4144 1492 4227 ὸνομάτων

213 4254 548 4338 λαμβανομένης.
880 4258 1000 4320 οἴονται
1022 4255 1181 4319 ποιεῖσθαι
1204 4254 1266 4317 κτλ.

210 4415 426 4427 ...ιιι-.-

321 4502 340 4571 ¹l
360 4503 432 4571 Quid
451 4503 491 4558 sit
514 4501 595 4560 τύποι
618 4509 662 4570 τῆς
686 4509 777 4572 φονῆι,
801 4503 862 4574 ipse
886 4502 1010 4574 explicat
1027 4501 1164 4573 Porphyr.
1183 4518 1210 4571 p.
1223 4502 1266 4565 58,
1277 4501 1323 4567 36;
1350 4495 1386 4554 cl.
1405 4498 1492 4553 etiam

213 4591 336 4664 Simplic.
355 4591 376 4646 f.
388 4591 443 4648 911
456 4592 481 4648 6.

321 4681 340 4750 ⁹)
359 4680 394 4736 cf.
414 4681 542 4748 Βεεηδίε,
560 4681 720 4752 Abhaudlg.
740 4680 766 4738 d.
785 4681 857 4736 Berl.
875 4680 967 4736 Akad.
986 4679 1053 4735 1833
1071 4697 1097 4751 p.
1109 4679 1171 4736 282.
