3458 5100
746 303 969 371 ,67-

216 485 406 574 plicationis
430 487 577 567 auctore,
602 483 692 550 hunc
715 481 756 550 de
780 481 1017 569 orthographia
1039 479 1188 548 libellum
1210 479 1347 546 nouisse
1370 481 1405 547 in
1425 501 1503 566 pro-

217 593 334 680 patulo
358 594 419 658 est.
458 592 542 657 Item
563 588 710 657 fortasse
733 589 900 656 Cornutus
922 589 994 676 ipse
1011 589 1216 671 excogitauit
1231 587 1265 653 id
1281 585 1369 673 quod
1383 587 1506 670 legitur

219 698 307 786 apud
333 697 578 766 Cassiodorium
608 719 638 784 p.
660 696 766 782 152,3
798 695 840 763 de
870 695 1045 762 uocabulis
1076 703 1196 764 tamtus
1226 697 1262 762 51
1289 701 1440 778 quamtus
1471 714 1505 758 m

218 807 332 873 littera
355 802 548 890 scribendis,
570 803 629 870 ubi
652 823 847 891 quanquam
870 825 894 870 5
917 823 1037 870 555515
1061 801 1201 885 debeat,
1234 803 1351 868 tamen
1373 803 1506 888 propter

219 913 312 980 uocis
344 911 505 996 originem
534 931 642 998 praua
672 910 835 998 scriptura
864 907 1125 976 commendetur.
1172 907 1268 989 Quod
1290 909 1505 994 praeceptum

219 1019 308 1086 idem
330 1017 452 1103 legitur
474 1016 518 1084 ad
541 1016 682 1084 uerbum
705 1017 909 1104 exscriptum
930 1016 967 1082 in
989 1013 1189 1083 cassiodorii
1216 1036 1259 1082 ex
1282 1013 1505 1100 orthographo

218 1124 382 1193 Caesellio
406 1124 571 1211 excerptis
593 1145 623 1211 p.
639 1123 715 1209 203,
731 1122 769 1189 11
796 1123 1004 1210 eandemque
1029 1121 1267 1210 etymologiam
1289 1119 1428 1209 protulit
1446 1119 1506 1186 Al·

219 1233 320 1299 binus
343 1229 400 1298 GL
416 1229 476 1297 VH
490 1230 566 1315 308,
583 1230 621 1296 11
642 1231 691 1315 11.,
717 1228 817 1297 baud
847 1228 947 1296 dubie
976 1228 1220 1296 Cassiodorium
1251 1231 1423 1294 auctorem
1454 1247 1507 1293 sc·

222 1341 339 1422 cutus;
362 1359 429 1424 qua
453 1337 494 1404 de
516 1359 552 1404 re
576 1334 617 1403 51.
640 1335 740 1403 Keilii
762 1336 902 1422 praefat
925 1358 956 1422 p.
973 1336 1038 1402 225
1063 1337 1146 1403 extr.

327 1442 454 1512 Deinde
478 1443 522 1510 ad
544 1442 729 1530 Cornutum
745 1443 948 1512 Graecarum
963 1442 1152 1508 litterarum
1166 1441 1406 1529 peritissimum
1421 1440 1507 1507 bene

191 1584 195 1594 ·
222 1550 366 1638 quadrat
379 1551 524 1638 repetita
539 1551 580 1617 in
590 1550 654 1618 boc
669 1552 819 1616 tractatu
834 1549 909 1617 laus
926 1549 1142 1632 Graecorum3
1163 1547 1377 1615 conferantur
1392 1549 1508 1614 autem

221 1658 257 1725 hi
286 1656 367 1725 loci:
399 1679 430 1745 p.
449 1657 587 1741 148,17.
611 1656 753 1741 149,19.
779 1657 853 1742 152,
866 1657 896 1723 6.
922 1655 995 1740 154,
1010 1656 1039 1722 5.
1069 1655 1098 1722 9.
1152 1655 1191 1720 15
1221 1655 1343 1742 quibus
1373 1653 1508 1720 maioris

222 1764 384 1831 momenti
414 1767 467 1831 est
494 1764 606 1831 breuis
637 1763 696 1830 illa
727 1763 900 1831 adnotatio
925 1761 1131 1851 (1114919)
1155 1763 1195 1828 15
1219 1763 1277 1846 515,
1303 1761 1359 1848 qui
1381 1763 1464 1828 mato
1487 1781 1510 1826 a

223 1892 340 1956 graeco
364 1870 529 1938 uocabulo
551 1873 673 1956 μᾶλλον
697 1869 917 1937 deriuandum
939 1869 1005 1936 rati
1020 1890 1079 1957 per
1095 1869 1161 1935 duo
1185 1868 1197 1933 l
1219 1868 1419 1953 scribebant,
1441 1887 1510 1953 qua

223 1977 264 2045 de
288 1977 493 2066 etymologia
510 1978 579 2044 ‘hoc
601 1976 710 2044 solum
733 1980 829 2044 extat
852 1977 985 2043 Annaei
1006 1975 1247 2043 testimonium.

330 2085 510 2152 Praeterea
532 2086 675 2168 augetur
696 2084 762 2150 hoc
783 2083 895 2150 libello
919 2085 1036 2150 nostra
1059 2081 1100 2148 de
1123 2081 1335 2148 Varronis
1359 2079 1510 2147 doctrina

224 2190 374 2275 scientia,
400 2191 559 2277 quoniam
582 2191 766 2278 copiosiora
789 2191 970 2277 praecepta
990 2189 1133 2256 edidisse
1148 2187 1240 2254 hunc
1255 2189 1510 2271 grammaticum

224 2299 266 2366 de
288 2299 312 2365 h
335 2297 449 2365 littera
472 2300 574 2384 atque
599 2298 640 2364 de
663 2297 890 2383 adspiratione
914 2295 1090 2363 edocemur
1112 2317 1143 2383 p.
1162 2295 1225 2362 152
1249 2315 1316 2381 seq.
1361 2294 1445 2360 Item
1469 2293 1510 2359 de

223 2404 358 2485 nomine
374 2404 531 2488 auctoris,
548 2405 606 2490 qui
618 2404 770 2472 Caesaris
784 2404 820 2470 in
837 2402 1051 2491 superlatiuis
1066 2423 1126 2488 per
1140 2402 1153 2467 1
1168 2400 1349 2469 scribendis
1365 2400 1510 2466 auctori-

223 2513 331 2578 tatem
360 2510 587 2593 indicauerat‚
624 2511 780 2578 certiores
810 2511 909 2576 fimus
939 2529 970 2596 p.
992 2508 1067 2594 150,
1083 2509 1132 2575 11.
1187 2508 1261 2589 Qua
1296 2507 1337 2574 de
1367 2528 1403 2574 re
1435 2507 1511 2593 ipsa

225 2639 416 2704 quanquam
447 2618 588 2685 aliorum
619 2637 751 2704 quoque
780 2618 977 2703 scriptorum
1003 2616 1216 2683 narrationes
1238 2613 1283 2680 ad
1304 2635 1368 2681 nos
1390 2633 1511 2700 perue-

223 2724 385 2813 nerunt,²)
408 2745 505 2791 nemo
529 2726 645 2792 tamen
661 2725 762 2790 buius
778 2724 925 2790 auctoris
940 2744 984 2791 sc.
1000 2721 1161 2790 Varronis
1180 2742 1304 2789 nomen
1319 2719 1512 2807 appellauit,

224 2831 290 2898 nisi
317 2831 403 2898 15115
425 2831 591 2899 Isidorum
620 2831 673 2898 uis
695 2829 840 2915 laudari,
870 2832 927 2918 qui
950 2829 1191 2914 Orig.126,15
1208 2829 1299 2895 'haec
1320 2826 1427 2894 uerba
1449 2847 1512 2892 sx-

224 2938 363 3026 scripsit
423 2937 525 3005 Porro
563 2937 724 3005 Varronis
765 2937 952 3004 doctrinam
986 2937 1152 3024 adscripto
1187 2937 1321 3002 nomine
1358 2932 1513 3000 laudauit

222 3044 385 3112 Annaeus
409 3045 508 3112 ‘bisce
538 3044 637 3111 locis:
667 3066 698 3132 p.
729 3043 859 3127 148,10
890 3044 931 3111 de
965 3045 1061 3112 VAV
1085 3064 1143 3129 pro
1175 3040 1343 3126 digamma
1378 3040 1510 3126 scripto,

223 3173 254 3239 p.
271 3150 381 3237 151,4
404 3150 445 3219 de
468 3172 551 3218 uoce
574 3154 792 3236 tutaaollum,
815 3152 970 3238 p.154,1
996 3149 1036 3216 de
1059 3170 1075 3215 r
1097 3150 1211 3216 littere
1232 3168 1343 3234 quam,
1363 3147 1392 3213 si
1406 3147 1513 3233 primo

223 3257 296 3325 loco
312 3260 500 3345 poneretur,
523 3258 670 3325 uetabat
684 3256 854 3346 adspirari.
885 3257 930 3324 111
943 3255 1088 3324 15115555
1103 3255 1221 3322 Lucilii
1237 3275 1368 3342 quoque
1383 3273 1513 3320 memo·

224 3361 507 3452 1151511111382
530 3364 638 3452 Marx)
666 3365 788 3453 petiuit
810 3386 841 3452 p.
864 3364 973 3449 149,3
996 3384 1020 3430 a
1040 3364 1205 3446 Varrone,
1235 3382 1334 3448 quem
1357 3359 1514 3428 Terentio

226 3470 350 3538 Scauro
389 3471 480 3538 illius
513 3475 635 3558 poetae
673 3491 793 3539 uersus
828 3470 885 3558 qui
923 3472 1043 3538 extant
1077 3468 1134 3537 GL
1153 3469 1214 3536 VH
1233 3491 1263 3557 p.
1286 3468 1400 3552 18,17
1423 3487 1513 3553 seqq.

225 3573 320 3664 (ΗΧ
335 3576 399 3646 351
415 3599 505 3664 seqq.
529 3578 595 3646 358
618 3599 708 3665 seqq.
730 3578 788 3666 M)
811 3576 1046 3665 suppeditasse
1066 3575 1237 3663 probabile
1260 3573 1429 3660 uidetur’)
1462 3573 1515 3638 De

224 3683 318 3750 libris
349 3685 463 3752 autem
486 3684 608 3771 quibus
635 3686 720 3752 haec
741 3683 903 3752 Varronis
926 3686 1107 3771 praecepta
1128 3684 1261 3771 praeter
1281 3681 1326 3766 id,
1351 3679 1439 3767 quod
1470 3699 1513 3745 ex

224 3790 308 3857 libro
332 3790 374 3857 de
397 3791 616 3876 grammatica
639 3790 871 3879 depromptum
890 3792 962 3878 ipse
985 3789 1155 3875 significat
1174 3787 1340 3855 Cornutus
1356 3809 1386 3874 p.
1404 3785 1511 3869 153,1

227 3897 445 3965 attribuenda
476 3898 563 3982 sint,
594 3902 672 3986 post
701 3896 921 3966 Ritschelium
953 3899 1081 3985 quaest
1104 3895 1198 3963 Varr.
1220 3916 1252 3982 p.
1268 3893 1311 3959 23
1335 3923 1379 3950 =
1402 3913 1515 3979 opusc.

226 4003 270 4070 III
285 4003 351 4073 372
375 4004 563 4092 disputauit
577 3991 801 4093 Wilmanrisl)
825 4004 867 4072 de
882 4004 976 4071 Varr.
996 4002 1067 4074 libr.
1083 4021 1219 4092 gramm.
1242 4022 1274 4088 p.
1289 4000 1341 4068 87.
1357 3999 1401 4068 89
1413 4019 1515 4085 seqq,

335 4145 354 4216 ²)
373 4145 413 4203 51.
431 4145 545 4213 Quintil.
564 4148 615 4213 17,
625 4146 671 4204 21.
701 4148 769 4202 Μ51.
787 4146 862 4202 Vict.
882 4145 930 4201 GL
942 4145 980 4202 Vl
995 4144 1038 4212 10,
1047 4144 1083 4200 25
1096 4144 1130 4200 Κ.
1148 4144 1187 4198 Vl
1199 4144 1225 4210 9,
1232 4143 1258 4209 3,
1275 4142 1326 4198 ubi
1337 4141 1423 4197 uelim
1434 4140 1516 4212 legas

227 4250 292 4290 cum
304 4233 493 4292 Brambecbio
511 4235 530 4291 l.
541 4251 564 4292 s.
578 4252 606 4307 p.
621 4235 687 4291 112:
705 4233 790 4291 ‘idem
808 4235 856 4307 (55.
871 4235 900 4292 0.
914 4233 1027 4305 Caesar)
1048 4233 1165 4306 optivum
1176 4233 1314 4288 maximae
1332 4229 1457 4303 scripsit,
1476 4231 1515 4284 ut

227 4339 307 4391 555,
325 4340 394 4380 555
412 4339 512 4395 pern
531 4322 707 4380 littersm’
727 4324 787 4396 (pro
804 4321 873 4379 'non
890 4326 925 4378 ut
942 4339 995 4379 nos
1013 4339 1063 4394 per
1080 4338 1099 4376 5
1117 4318 1267 4391 litteram’).

336 4411 358 4480 ⁹)
380 4413 417 4469 51.
435 4413 499 4469 Keil
518 4412 566 4468 (lb
577 4413 616 4469 Vl
628 4430 654 4485 p.
667 4413 693 4468 8.
730 4412 819 4479 Marx,
838 4411 937 4469 Lucilii
955 4411 1081 4483 prolegg.
1093 4427 1120 4483 p.
1134 4409 1218 4466 LXII.

336 4499 355 4570 ³)
375 4501 547 4580 Vsagmente
564 4500 698 4558 Varronis
717 4501 859 4573 exscripta
876 4500 1009 4572 legrmtur
1026 4500 1102 4572 apud
1121 4498 1336 4556 Wilrnennsium
1353 4497 1408 4554 15.

544 4590 598 4660 lrg.
617 4589 654 4646 46
672 4591 708 4662 (p.
723 4589 784 4661 176)
802 4613 839 4634 =
858 4590 905 4645 GL
921 4589 971 4643 Vll
988 4587 1189 4660 potaron.

617 4677 843 4751 fflmffl=
1031 4677 1145 4744 wa
