3458 5100
770 319 991 384 ..22-

341 495 494 562 Excussa
519 496 584 564 hac
613 499 708 584 parte
738 517 840 583 prope
863 499 999 583 peracta
1023 499 1077 563 est
1099 498 1262 584 quaestio,
1286 497 1395 584 qualis
1418 499 1521 564 luerit

233 602 321 674 talea
352 605 421 670 ista
452 604 694 688 categoriarum
727 601 848 670 indolis
882 603 1069 690 explicatio.
1115 604 1152 671 Id
1183 604 1273 670 enim
1304 603 1450 671 eflicitur
1478 608 1522 672 ut

235 709 419 778 secundum
450 710 652 777 rhetoricam
681 711 846 778 rationem
876 709 951 777 illos
981 710 1188 777 intellexisse
1212 732 1287 777 eam
1312 714 1520 796 statuamus;

235 821 338 904 atque
361 816 428 883 huc
450 816 640 903 pertinebit,
664 815 753 904 quod
777 837 878 902 supra
899 817 968 882 iam
992 817 1101 904 (p.19)
1125 817 1268 904 professi
1291 839 1417 904 eumue,
1445 819 1519 885 lieri

234 946 303 992 non
326 924 477 1011 potuisse
499 928 540 991 ut
563 945 663 991 suum
685 924 826 1011 quisquo
858 924 1032 990 arbitrium
1055 927 1192 991 secutus
1214 924 1304 992 idem
1328 925 1523 992 dissentiret

235 1031 279 1097 ab
302 1029 484 1099 Aristotele
508 1030 646 1098 alterius
671 1031 836 1118 opinionis
858 1031 989 1098 ratione
1012 1051 1080 1097 non
1104 1031 1231 1098 habita
1276 1032 1313 1098 Id
1336 1032 1518 1116 ambigitur

235 1137 445 1204 audiueritne
478 1137 646 1205 Cornutus
678 1136 931 1204 Athenodorum
962 1141 1174 1224 praesentem
1204 1138 1288 1205 talia
1318 1139 1516 1206 edocentem

235 1265 281 1310 an
316 1244 450 1311 aliunde
486 1245 559 1311 eius
593 1245 725 1311 nouerit
748 1244 946 1328 doctrinam3
986 1244 1074 1331 quod
1105 1245 1222 1312 dubito
1254 1267 1298 1312 an
1328 1266 1397 1312 non
1429 1249 1521 1313 certo

236 1350 407 1418 diiudicari
428 1352 550 1439 possit3
574 1352 729 1418 omnibus
752 1354 868 1418 autem
884 1349 1103 1418 manifestum
1118 1355 1180 1436 est,
1204 1352 1347 1439 priorem
1363 1353 1392 1418 si
1407 1352 1519 1419 tuebi-

235 1479 311 1525 mur
326 1459 540 1532 sententiam,
568 1457 782 1541 oogitandum
798 1479 872 1525 esse
893 1478 962 1525 non
977 1458 1042 1525 nisi
1057 1458 1099 1526 da
1110 1457 1328 1525 Athenodoro
1341 1458 1517 1543 Cananita,

236 1565 280 1632 ad
318 1585 419 1652 quem
455 1563 608 1632 referunt
644 1565 708 1631 uiri
746 1564 834 1633 docti
868 1587 898 1652 p.
925 1565 966 1632 19
1000 1565 1118 1632 adn.3
1153 1563 1284 1631 laudati
1322 1563 1519 1651 opusculum

231 1673 399 1739 aduersus
438 1671 623 1756 Stagiriten
662 1672 836 1759 scriptum,
876 1693 953 1738 cum
991 1671 1129 1739 alterius
1168 1670 1374 1759 Cordylionis
1412 1674 1519 1753 aetas,

236 1782 355 1866 utpote
386 1779 443 1866 qui
475 1800 565 1846 anno
596 1801 625 1846 a.
645 1779 717 1847 Chr.
735 1801 767 1845 n.
783 1777 872 1844 LXX
899 1777 1111 1862 grandaeuus
1141 1779 1209 1845 iam
1231 1777 1334 1845 fuerit
1357 1777 1407 1862 (cf.
1430 1778 1520 1845 Plut

238 1887 307 1954 Cat.
330 1886 409 1952 min.
434 1907 459 1952 c.
475 1885 533 1970 X),
569 1907 638 1953 non
671 1884 824 1952 inciderit
856 1885 892 1951 in
927 1885 1063 1953 Comuti
1097 1890 1241 1972 tempus.
1296 1884 1382 1966 Quid
1416 1886 1520 1970 ergo‘?

237 2014 348 2059 nonne
364 1991 592 2060 fundamenta·
607 1993 777 2060 doctrinae
792 1991 1000 2059 Athenodori
1016 1995 1051 2058 et
1064 1992 1200 2058 Cornuti
1217 1991 1334 2059 eadem
1350 1991 1522 2059 exstitisse

237 2098 356 2166 uides?
402 2100 517 2186 Neque
540 2121 621 2167 uero
657 2122 700 2167 ex
734 2101 793 2183 eie,
830 2121 915 2187 quae
946 2102 1120 2187 praeterea
1153 2099 1280 2166 tradita
1310 2103 1404 2181 sunt,
1437 2099 1521 2166 utile

238 2206 421 2294 quidquam
436 2205 508 2275 elici
523 2210 647 2294 potest,
664 2206 744 2294 quia
759 2207 963 2294 paucissima
980 2209 1062 2273 sunt
1077 2227 1165 2293 quae
1182 2206 1365 2293 comparari
1380 2206 1522 2294 possint.

237 2312 310 2380 Hoc
333 2315 421 2381 certe
444 2313 631 2380 tenendum
650 2316 703 2380 est
719 2312 944 2381 dissensiones
960 2334 1029 2380 non
1044 2315 1117 2380 tam
1132 2333 1273 2397 magnas
1288 2311 1394 2380 fuisse
1418 2334 1520 2400 quam

238 2419 330 2487 leues
354 2422 499 2506 atquae
524 2421 568 2487 ad
590 2421 735 2507 speciem
757 2420 956 2488 rhetoricam
979 2419 1181 2508 pertineant.

346 2526 412 2593 Sed
434 2548 521 2613 quae
553 2528 598 2594 sit
627 2528 728 2594 huius
757 2527 886 2615 dequo
920 2529 1031 2610 agitur
1053 2526 1191 2594 Comuti
1213 2525 1315 2593 libelli
1336 2527 1444 2615 prima
1465 2525 1521 2592 lex
1665 2557 1668 2568 ·

239 2656 279 2701 ac
301 2634 397 2719 ratio,
429 2635 587 2718 tractaui3
619 2655 709 2701 nunc
739 2635 787 2701 de
819 2634 1013 2718 singulis
1043 2632 1308 2717 fragmentis
1336 2632 1522 2700 dicendum.

238 2740 283 2808 nt
301 2741 381 2827 quia
395 2760 571 2807 numerum
584 2741 826 2824 categoriarum
841 2742 876 2806 in
888 2739 1081 2808 Aristotelis
1098 2742 1170 2807 siue
1186 2743 1259 2807 eius
1275 2742 1521 2807 assectatorum

240 2845 473 2914 distributione
497 2846 680 2914 offendisse
710 2849 855 2914 maxime
879 2845 1045 2914 Cornutus
1070 2847 1217 2932 uidetur,
1249 2847 1293 2914 ab
1316 2846 1381 2913 hoc
1403 2845 1522 2914 ordiar.

238 2953 339 3022 Haud
363 2953 462 3020 dubie
485 2954 575 3021 enim
606 2975 674 3020 non
696 2954 763 3021 nisi
786 2954 827 3022 de
856 2954 921 3020 hac
949 2953 1114 3021 diuisione
1139 2957 1175 3020 et
1197 2954 1238 3021 de
1262 2954 1320 3036 eis,
1345 2973 1432 3041 quae
1455 2951 1523 3020 huc

240 3063 406 3148 spectant,
431 3059 614 3129 Comutum
638 3060 827 3149 disputasse
843 3061 926 3126 mihi
947 3060 1111 3147 persuasi,
1135 3082 1212 3127 cum
1234 3061 1423 3145 fragmenta
1444 3080 1521 3146 per-

239 3166 403 3252 legissem.
451 3168 543 3249 Quae
567 3169 678 3255 opinio
702 3168 888 3235 sustinetur
909 3168 1117 3235 Athenodori
1140 3166 1302 3253 exemplo,
1334 3167 1392 3254 qui
1415 3164 1523 3233 solam

240 3273 509 3341 distributionem
538 3276 701 3342 tractauit
730 3278 866 3342 auctore
890 3274 1057 3361 Simplicio
1080 3274 1103 3341 f.
1122 3273 1181 3341 15¹¹
1202 3273 1245 3340 32
1262 3303 1306 3329 =
1322 3271 1384 3340 47b
1406 3274 1449 3340 18
1468 3272 1522 3338 Br.

242 3386 281 3468 lp.
297 3382 365 3464 77„
396 3379 526 3447 deinde
539 3380 736 3468 Simplicius
770 3382 911 3448 sirecte
937 3385 1133 3449 contextum
1155 3379 1335 3447 uerborum
1357 3378 1519 3464 intellexi,

240 3489 346 3576 priore
380 3487 452 3555 loco
486 3487 739 3555 Athenodorum
777 3491 812 3555 et
836 3489 1028 3574 Cornutum,
1069 3487 1191 3576 quippe
1227 3487 1286 3573 qui
1323 3485 1523 3572 particulam

242 3595 412 3683 quandam
435 3595 540 3662 totius
563 3595 770 3682 quaestionis
798 3593 1013 3678 absoluerint,
1044 3595 1211 3678 nominat;
1240 3592 1422 3680 posteriore
1449 3591 1522 3660 loco

242 3703 344 3770 arran
358 3702 452 3770 Lucii
475 3704 578 3789 atque
593 3700 775 3769 Nicostrati
798 3701 986 3788 discipulos,
1012 3722 1096 3789 quos
1111 3703 1244 3789 praeter
1259 3701 1347 3767 hanc
1362 3698 1523 3767 distribu-

241 3810 369 3877 tionem
392 3809 460 3875 alia
489 3807 523 3875 id
553 3829 659 3893 genus
684 3809 819 3892 (scilicet
849 3829 937 3896 quae
961 3807 1005 3875 ad
1037 3809 1279 3892 categoriarum
1313 3805 1524 3895 disciplinam

241 3917 443 4004 pertineant)
481 3936 694 4003 oppugnasse
737 3918 851 4002 aperte
894 3915 980 3982 dicit.
1038 3914 1158 3982 Tribus
1196 3917 1311 3982 autem
1348 3913 1385 3978 in
1421 3913 1523 3979 rebus

243 4023 439 4106 haerebant,
471 4023 528 4110 qui
551 4026 668 4090 contra
689 4043 865 4090 numerum
888 4023 1132 4106 categoriarum
1154 4021 1360 4105 scribebant3
1391 4019 1432 4087 de
1455 4039 1522 4107 quo

243 4128 363 4196 audias
392 4129 494 4197 uelim
517 4129 737 4218 Porphyrium
759 4151 790 4216 p.
813 4129 865 4212 86,
875 4130 932 4196 31:
969 4131 1086 4214 τριττάς
1116 4132 1171 4211 (so.
1195 4130 1214 4194 ὁ
1236 4129 1354 4213 τρόπος
1384 4127 1446 4193 ἐστὶ
1467 4133 1523 4210 τῆς

243 4239 426 4321 ἀντιλογίας)
439 4287 446 4320 ,
459 4240 491 4303 οῖ
511 4238 571 4321 μὲν
595 4237 656 4321 γὰρ
671 4239 718 4302 ὅτι
740 4240 903 4313 πλεονάζει
918 4239 939 4321 ἡ
954 4238 1194 4321 καταρίθμησις,
1218 4238 1250 4302 οῖ
1265 4237 1299 4300 δὲ
1323 4236 1369 4300 du
1384 4235 1524 4308 ἐλλείπει,

244 4347 276 4410 οῖ
298 4345 332 4409 δὲ
355 4345 401 4409 ὅτι
423 4345 490 4409 τινὰ
513 4345 590 4409 ἄλλα
606 4345 673 4410 ἀντὶ
695 4346 801 4410 ἄλλων
822 4346 997 4429 παρείληφε
1013 4341 1099 4428 γένη.
1143 4341 1235 4409 Idem
1259 4341 1405 4408 breuiter
1427 4339 1524 4406 docet

244 4450 433 4538 Simplicius
460 4449 481 4515 l.
505 4471 541 4534 s,
572 4451 762 4518 accuratius
793 4450 938 4539 explicat
967 4449 1140 4537 Dexippus
1170 4470 1201 4536 p.
1217 4448 1271 4532 30,
1280 4448 1324 4515 35
1336 4467 1426 4534 seqq.
1472 4443 1523 4510 ΕΚ

243 4557 296 4624 his
313 4557 479 4625 Cornutus
503 4577 617 4624 eorum
633 4559 822 4644 opinionem
846 4560 900 4624 est
915 4555 1101 4644 amplexae,
1125 4555 1183 4644 qui
1197 4552 1425 4643 imperfectam
1448 4570 1523 4619 esse

245 4665 443 4733 diuisionem
466 4663 672 4731 obtinebant.
718 4664 851 4732 Etenim
883 4664 1049 4752 quaedam
1072 4663 1251 4732 uerborum
1274 4681 1398 4745 genera
1420 4661 1523 4746 atque
