3458 5100
739 307 977 410 -51-'

209 522 309 609 (540)
332 521 561 589 Cornelius
585 522 754 606 Deloue,
778 523 834 609 qui
849 524 930 610 quin
953 524 1038 590 satis
1060 522 1168 590 multa
1191 523 1345 610 exempla
1367 523 1490 591 doetri-

209 650 274 696 nae
304 629 495 716 praebuerit
518 628 621 696 Fabio
652 628 798 718 dubitari
827 650 897 696 non
928 629 1035 697 debet
1082 629 1197 696 Celsus
1220 635 1334 697 autem
1358 629 1490 698 Caecilii

210 736 394 802 doctrinam
425 737 560 802 nouisse
596 739 699 823 atque
733 737 768 802 in
799 736 1005 803 elaboranda
1036 736 1077 803 de
1111 736 1227 820 figuris
1263 737 1514 824 disputatione

209 844 393 929 respexisse
402 841 428 929 1)
459 829 702 908 existimandus
726 845 788 910 est.
816 844 887 925 Quo
916 843 957 909 iit
980 846 1020 910 ut
1043 864 1159 910 earum
1181 864 1299 929 rerum,
1332 865 1420 930 quae
1444 845 1488 911 ad

210 949 386 1016 Caecilium
411 969 486 1016 esse
508 947 702 1018 referendae
725 949 913 1034 uideantur,
945 948 1108 1036 quasdam
1133 950 1302 1038 exipsius
1326 950 1412 1019 Gelsi
1434 951 1488 1016 in-

210 1056 442 1123 stitutionibus
458 1055 599 1122 fluxisse
615 1077 690 1123 cum
710 1057 789 1122 uiris
806 1056 911 1123 doctis
922 1056 945 1144 ⁹)
969 1059 1170 1141 statuamus
1194 1058 1391 1145 praesertim
1414 1079 1491 1125 cum

209 1184 277 1230 non
308 1163 392 1230 satis
423 1166 601 1250 appareat,
636 1183 718 1229 num
751 1163 823 1251 ipse
855 1162 973 1230 adierit
999 1163 1125 1230 Fabius
1158 1163 1320 1231 Galactini
1349 1165 1495 1231 rhetoris

208 1271 365 1337 libellum.
417 1271 566 1352 Quocum
597 1270 682 1337 bene
714 1271 929 1337 consentiunt
964 1292 1051 1358 quae
1089 1269 1239 1338 similiter
1269 1271 1310 1338 de
1346 1274 1488 1338 ἀποσιω-

208 1381 338 1463 abacos
353 1376 463 1460 ligura
478 1377 675 1443 efficiuntur.
713 1376 870 1461 Legimus
886 1378 976 1444 enim
991 1377 1127 1459 Quintil.
1142 1377 1277 1445 IX254
1292 1378 1518 1446 reticentiae,
1593 1375 1595 1380 ⁴

209 1504 332 1551 nomen
356 1482 520 1550 Graecum
551 1486 653 1570 atque
688 1504 759 1549 una
788 1483 948 1552 laudatur
978 1483 1066 1551 Delsi
1099 1483 1258 1552 doctrina.
1310 1485 1490 1553 Praeterea

210 1589 341 1657 Caecilii
363 1591 508 1673 uestigia
529 1593 759 1673 agnoscuntur
780 1591 816 1656 in
838 1590 908 1657 line
931 1590 1032 1656 huius
1055 1591 1270 1679 paragraphi:
1293 1593 1359 1659 ‘cui
1382 1591 1489 1658 simile

210 1707 264 1765 est
300 1697 336 1764 in
373 1697 539 1785 prooemio
582 1718 640 1785 pro
679 1697 896 1785 Ctesiphonte
934 1697 1191 1766 Demosthenis?
1252 1699 1489 1766 Demosthenis

210 1803 398 1892 exemplum
428 1803 514 1871 bene
537 1803 681 1890 quadrat
711 1804 755 1871 ad
776 1803 865 1872 illius
889 1804 1121 1892 doctrinam;³)
1151 1809 1295 1889 augetur
1325 1806 1491 1893 opinionis

209 1913 262 1977 uis
285 1932 339 1995 eo,
371 1909 460 1997 quod
489 1931 629 1977 reuera
659 1910 748 1999 apud
776 1911 959 1995 Tiberium,
992 1932 1092 1998 quem
1122 1914 1194 1978 arte
1224 1911 1313 1978 illius
1344 1913 1489 1994 uestigia

209 2037 356 2105 premere
380 2018 499 2084 notum
521 2019 583 2102 est,
611 2018 646 2083 in
668 2018 780 2102 ligura
802 2021 1057 2104 ἀποσιωπήσεως
1085 2017 1302 2086 describenda
1323 2042 1353 2107 p.
1371 2019 1425 2104 62,
1447 2019 1492 2086 28

208 2124 367 2208 leguntur
388 2124 492 2190 uerba
507 2123 743 2191 Demosthenis
766 2124 807 2192 de
831 2146 954 2192 corona
976 2124 1034 2214 §3
1056 2125 1157 2192 haec:
1180 2128 1247 2191 ἀλλ’
1272 2128 1336 2210 ἐγὼ
1358 2129 1426 2210 μέν,
1451 2129 1492 2192 οὐ

209 2233 367 2316 βούλομαι
391 2232 426 2297 δὲ
449 2232 544 2297 οὐδὲν
567 2233 718 2317 δυσχερὲς
740 2235 836 2298 εἰπεῖν
858 2235 1039 2317 ἀρχόμενος
1061 2240 1117 2298 τοῦ
1140 2235 1237 2316 λόγου
1255 2255 1261 2267 ·
1277 2232 1371 2305 οὗτος
1394 2234 1430 2298 δὲ
1452 2235 1491 2297 ἐκ

209 2341 390 2421 περιουσίας
410 2362 475 2422 μου
497 2346 683 2423 κατηγορεῖ,·
706 2338 747 2405 de
772 2338 893 2424 quibus
908 2338 1001 2405 haud
1024 2338 1124 2406 dubie
1140 2339 1267 2422 cogitat
1281 2339 1405 2406 Fabius
1428 2339 1448 2405 1.
1465 2361 1491 2405 S.

208 2444 337 2512 Deinde
361 2444 478 2512 eodem
505 2445 649 2532 pertinet
672 2444 770 2531 quod,
801 2467 877 2512 cum
900 2446 1050 2513 Tiberius
1074 2469 1103 2534 p.
1120 2445 1206 2529 63,1
1233 2446 1376 2513 alterum
1400 2444 1491 2512 eius-

210 2552 286 2618 dem
308 2551 437 2634 iigurae
460 2551 649 2639 exemplum
672 2551 846 2639 protulerit
862 2551 1124 2621 Demosthenem
1146 2553 1182 2617 in
1197 2553 1353 2621 Aristocr.
1376 2551 1489 2641 §213‚

208 2658 296 2725 idem
329 2656 496 2740 laudauit,
536 2657 680 2725 eundem
718 2679 800 2725 sane
839 2663 976 2727 secutus
1014 2662 1199 2742 auctorem,
1239 2658 1491 2726 Alexander

208 2764 411 2832 Numenii
434 2763 562 2831 filius
586 2763 626 2832 de
649 2765 766 2850 figuris
789 2788 818 2852 p.
835 2765 888 2852 22,
906 2765 1019 2854 rosp.
1067 2766 1257 2834 consensus
1282 2766 1371 2834 enim
1386 2765 1489 2832 Alex-

210 2872 305 2938 andn'
335 2875 370 2938 et
393 2871 514 2938 Tiberii
542 2877 632 2940 recte
661 2873 712 2939 ita
742 2872 944 2960 explicatur,
978 2875 1018 2939 ut
1049 2871 1093 2940 ad
1115 2893 1325 2940 communem
1351 2871 1491 2956 fontem,

209 2978 335 3046 scilicet
349 2977 481 3046 Caecilii
503 2976 698 3065 doctrinam,
721 2979 919 3065 referantur,
944 3000 1031 3066 quae
1054 2979 1143 3067 apud
1166 2983 1345 3066 utrumque
1369 2977 1492 3045 similia

209 3086 436 3154 inueniuntur.
489 3084 671 3152 Alexandri
700 3085 784 3152 liber
815 3088 981 3170 genuinus
1014 3087 1112 3153 nobis
1142 3106 1209 3152 non
1240 3089 1397 3153 seruatus
1429 3090 1490 3152 est

209 3193 372 3259 Attamen
401 3192 437 3258 in
458 3191 587 3276 integro
619 3192 683 3259 hoc
712 3192 823 3259 libello
855 3193 958 3261 etiam
980 3194 1071 3281 prius
1100 3192 1183 3259 illud
1210 3192 1399 3281 exemplum
1421 3192 1489 3260 De-

210 3298 395 3366 mosthenis
417 3298 458 3365 de
482 3319 604 3366 corona
626 3299 681 3384 §3
705 3298 783 3366 olim
806 3300 976 3366 exstitisse
986 3300 1010 3387 ⁴)
1033 3320 1086 3366 res
1109 3304 1163 3366 est
1186 3301 1379 3368 certissima.
1417 3301 1489 3367 Do-

210 3409 367 3472 cumento
405 3404 511 3472 affero
549 3405 735 3492 Aquilae
772 3406 967 3489 Romani,
1011 3406 1068 3493 qui
1104 3405 1286 3473 Alexandri
1323 3407 1489 3492 integram

210 3511 394 3580 doctrinam
418 3513 620 3600 excerpsit,⁶)
651 3511 906 3600 explicationem
927 3513 1029 3580 huius
1051 3514 1176 3597 figurae
1199 3514 1266 3580 Rh
1281 3536 1310 3601 p.
1327 3512 1380 3598 24,
1398 3513 1419 3578 8
1434 3513 1491 3596 H,

209 3618 269 3685 ubi
290 3618 597 3714 ‘Demosthenicum
618 3617 701 3686 illud
722 3620 938 3707 prooemium'
963 3621 1103 3687 occurrit
1125 3621 1187 3686 ita:
1219 3620 1305 3686 ‘Non
1328 3621 1401 3708 pari
1424 3641 1490 3703 ego

311 3805 328 3848 '¹
356 3813 393 3872 cl.
411 3814 549 3870 Woebrer
567 3815 585 3870 1.
600 3831 623 3871 s.
642 3832 669 3888 p.
684 3815 743 3872 156.

317 3903 483 3974 ²)Martens
501 3904 519 3960 l.
533 3921 556 3960 e.
573 3921 601 3976 p.
615 3904 649 3959 1⁷
667 3904 732 3960 adn.
762 3905 898 3961 Goblentn
916 3906 935 3960 1.
949 3921 972 3960 s.
990 3922 1017 3977 p.
1031 3903 1068 3960 20
1084 3921 1141 3976 seq.
1172 3903 1309 3960 Woebrer
1327 3903 1344 3958 l.
1357 3920 1379 3959 s.
1398 3920 1424 3975 p.
1438 3903 1492 3958 114

209 3992 367 4065 seqq.156.

317 4082 336 4152 ’1
356 4081 393 4139 cl.
405 4081 480 4138 Suid.
493 4099 516 4139 s.
528 4099 555 4138 n.
567 4079 712 4140 Καικίλιος.
742 4083 886 4140 Placuit.
905 4083 1053 4139 Demosth.
1082 4099 1142 4155 cap.
1161 4082 1187 4137 3.
1227 4080 1406 4137 Burckhardt
1429 4081 1448 4137 l.
1467 4097 1491 4138 s.

209 4169 566 4243 pfflmfflQffl

316 4260 337 4331 ⁴)
354 4259 534 4317 Reticentiae
551 4259 607 4316 boc
623 4260 782 4333 exemplum
804 4260 903 4317 itidem
924 4261 1068 4317 inuenitur
1086 4260 1163 4332 apud
1187 4260 1432 4316 llerodianum
1455 4260 1490 4316 de

210 4347 309 4420 liguris
325 4365 354 4421 p.
365 4349 410 4418 95,
425 4349 459 4404 12
470 4348 527 4421 Sp,
546 4349 594 4422 qui
605 4349 711 4421 pendet
722 4351 759 4405 ab
771 4349 925 4406 Alexandri
938 4350 1081 4418 doctrinm
1101 4349 1137 4420 [u.
1149 4349 1277 4405 Braoslra
1295 4349 1370 4422 apud
1382 4348 1490 4405 Wisso·

209 4453 283 4494 wam
301 4437 357 4494 nol.
370 4438 397 4493 11
414 4454 443 4510 p.
457 4437 544 4509 14511.
580 4438 617 4494 cl.
634 4440 783 4510 praeterea
799 4441 922 4495 Demetr.
941 4440 976 4495 de
995 4440 1065 4495 eloe.
1084 4436 1169 4512 §253
1186 4455 1214 4510 p.
1227 4439 1270 4504 52,
1283 4437 1320 4492 28
1331 4438 1365 4493 a.

317 4527 338 4597 ⁶)
357 4527 443 4583 lulius
466 4527 636 4584 Rufinianus
661 4528 696 4583 de
719 4528 820 4599 figuris
838 4532 910 4584 sent.
934 4533 964 4584 et
982 4528 1051 4584 eloc.
1069 4529 1118 4584 RL
1137 4545 1164 4600 p.
1177 4528 1220 4595 38,
1241 4527 1317 4583 1111
1336 4525 1492 4582 ‘Hactenus

210 4615 314 4690 Aquila
324 4617 469 4673 Romam
487 4633 523 4673 ex
534 4617 695 4674 Alexandro
713 4617 865 4673 Numerio:
885 4617 985 4674 exinde
1000 4619 1037 4673 ab
1055 4634 1090 4673 eo
1107 4617 1282 4690 praeteritae,
1301 4615 1364 4672 aliis
1377 4615 1490 4688 quidem

210 4704 346 4778 proditas,
365 4704 577 4763 subtexuimus.⁸
