3458 5100
741 341 964 410 ,49-

211 519 396 604 figurarum
438 518 632 606 disciplinae
674 519 877 605 dedicatos1)
921 541 995 588 sese
1017 521 1168 588 'uouisse
1205 521 1277 608 ipse
1314 521 1491 609 profitetur

212 625 438 706 Quintilianus
460 625 506 692 IX
529 626 558 710 3,
571 626 631 692 89:
663 628 759 694 ‘haec
793 627 907 694 omnia
937 628 1102 715 copiosius
1133 633 1214 694 sunt
1244 629 1402 712 exsecuti,
1433 629 1491 716 qui

213 753 280 799 non
303 735 344 799 ut
364 737 495 819 partem
519 734 626 819 operis
649 736 926 816 transcurrerunt,
950 733 1008 801 sed
1032 734 1160 821 proprie
1183 733 1285 801 libros
1307 735 1385 823 huic
1400 736 1491 822 operi

211 838 466 923 dedicauerunt,
506 839 594 907 sicut
630 839 808 926 Caecilius,
847 841 1046 930 Dionysius,
1083 839 1244 924 Rutilius,
1283 841 1489 925 Cornificius,

213 946 371 1013 Visellius
402 946 524 1033 aliique
554 968 623 1014 non
645 949 760 1034 pauci'
785 970 812 1014 e.
837 969 866 1034 q.
891 969 915 1016 s.
969 949 1083 1035 Atque
1113 949 1149 1014 in
1180 969 1222 1014 ea
1253 947 1489 1035 disputationis

211 1057 316 1140 parte,
332 1073 419 1140 quae
434 1054 580 1139 pertinet
596 1053 639 1121 ad
655 1055 783 1138 figuras
799 1055 959 1122 orationis
975 1054 1032 1138 (IX
1047 1055 1089 1140 3),
1106 1054 1310 1142 aliquotiens
1323 1057 1489 1144 expressis

213 1161 324 1226 uerbis
349 1160 537 1228 Caeciliana
559 1164 798 1228 commemorat
818 1160 960 1248 Fabium
990 1161 1067 1229 uide
1094 1161 1140 1228 IX
1162 1162 1194 1247 3,
1207 1162 1258 1229 38.
1281 1162 1333 1229 46.
1353 1162 1405 1231 91.
1429 1163 1489 1246 98;

210 1266 246 1332 in
277 1267 383 1354 priore
415 1271 529 1334 autem
560 1271 666 1355 parte,
697 1289 785 1355 quae
816 1272 868 1335 est
896 1269 1076 1352 defigeris
1099 1269 1342 1336 sententiarum
1368 1268 1487 1354 (Dra),

212 1393 255 1439 ne
286 1393 353 1440 uno
385 1372 518 1462 quidem
550 1374 623 1441 loco
655 1374 709 1442 hic
731 1376 844 1468 rhetor
864 1373 1031 1442 laudatur.
1076 1375 1194 1462 Itaque
1216 1375 1398 1443 Morawski
1419 1376 1439 1442 1.
1463 1398 1489 1444 a.

209 1487 241 1566 p.
258 1479 302 1546 bd
325 1483 463 1572 excepto
487 1502 555 1548 uno
578 1481 650 1549 loco
673 1482 763 1569 (uide
778 1481 879 1570 infra)
894 1502 1062 1569 nusquam
1076 1482 1130 1549 hio
1145 1473 1331 1569 respexisse
1347 1482 1488 1550 Fabium

211 1586 255 1653 ad
279 1587 411 1654 Caecilii
434 1587 620 1655 doctrinam
643 1589 791 1656 coniecit.
830 1588 955 1656 Contra
976 1589 1011 1674 h.
1034 1587 1193 1674 Murteae,
1218 1588 1259 1657 de
1281 1588 1394 1656 libabo
1416 1593 1488 1675 περ)

207 1696 316 1778 ὕψους
339 1693 426 1777 (diss.
449 1694 555 1763 Bonn.
574 1695 669 1778 1877)
692 1717 723 1784 p.
739 1696 783 1762 17
813 1693 889 1762 adn.
921 1696 1024 1763 etiam
1045 1695 1081 1762 iu
1103 1696 1349 1764 sententiarum
1370 1696 1488 1781 liguris

209 1799 393 1867 bacanda
424 1802 570 1885 uestigia
591 1823 740 1889 premere
763 1802 1005 1884 Quintilianum
1028 1801 1161 1870 Caecilii
1170 1805 1194 1886 ⁹)
1217 1802 1325 1870 obiter
1347 1805 1486 1894 monuit,

211 1927 319 1994 neque
342 1907 409 1974 iam
433 1907 570 1975 dubium
595 1909 656 1975 erit
680 1908 795 1976 exeis
817 1929 906 1997 quae
927 1929 1120 1997 proponam,
1144 1910 1224 1996 quin
1249 1911 1382 1996 saepius
1398 1897 1487 1976 illius

209 2013 395 2080 doctrinam
418 2019 555 2081 secutus
579 2014 623 2082 sit
645 2015 779 2083 Fabius.

315 2120 427 2208 Atque
449 2121 593 2208 primum
615 2121 749 2208 quidem
772 2123 938 2191 assentior
952 2122 1152 2190 Morawskio
1176 2123 1361 2211 opinando
1383 2124 1486 2206 Quin-

209 2227 364 2294 tilianum
395 2249 482 2315 quae
505 2229 630 2314 profert
655 2228 702 2295 IX
727 2230 759 2312 2,
769 2230 812 2296 62
851 2228 892 2296 de
925 2229 1161 2297 Demosthenis
1199 2230 1413 2297 iureiurando
1444 2252 1486 2297 ex

206 2333 340 2401 Caecilii
376 2333 487 2401 libello
525 2337 596 2419 περ)
630 2338 803 2421 σχημάτων
841 2335 1035 2424 hausisse.⁴)
1093 2336 1167 2418 Qua
1204 2336 1245 2404 de
1283 2358 1318 2403 re
1356 2340 1487 2425 praeter

208 2440 375 2507 'liberii
397 2441 507 2508 locum
522 2444 593 2527 περ)
609 2444 710 2527 ὅρκου
725 2441 799 2530 (Rh
817 2442 870 2510 Cr.
886 2443 930 2508 III
944 2465 974 2530 p.
991 2443 1073 2528 69,5
1089 2443 1155 2531 Sp.)
1175 2444 1359 2531 comparari
1373 2448 1487 2532 potest

209 2547 394 2634 disputatio
416 2547 601 2633 Longini
624 2548 672 2615 de
696 2550 864 2616 sublim.
881 2570 906 2616 c
926 2549 1004 2633 loa
1021 2554 1060 2637 (p.
1073 2549 1485 2634 38,81ahn-Vahlen⁸=

206 2653 268 2721 Rh.
285 2653 338 2721 Cr.
354 2654 404 2720 12
428 2677 458 2742 p.
477 2655 581 2741 136,6
597 2678 687 2743 seqq.
704 2656 836 2744 sp-Hu.
864 2657 1056 2724 Consensus
1079 2661 1195 2725 autem
1210 2657 1332 2724 'liberii
1347 2662 1382 2726 et
1397 2659 1484 2725 Lon-

205 2761 276 2844 gini
319 2762 398 2848 quin
437 2776 480 2828 ex
517 2764 685 2830 communi
721 2762 818 2830 fonte
856 2763 922 2830 soil.
958 2763 1090 2831 Caecilii
1128 2765 1277 2832 doctrina
1314 2764 1484 2832 commode

207 2869 376 2935 exoriatur
384 2869 410 2954 ⁵)
440 2870 566 2936 nemini
597 2874 650 2937 est
681 2870 829 2954 dubium,
861 2872 919 2958 qui
949 2892 1036 2958 quaa
1066 2872 1152 2939 ratio
1182 2871 1370 2939 intercedat
1398 2873 1485 2938 inter

205 2973 414 3042 Ualentinum
444 2976 611 3044 rhetorem
641 2979 676 3044 et
706 2980 905 3061 auctoremQ
944 2977 1048 3045 libelli
1077 2981 1149 3064 περὶ
1183 2981 1289 3063 ὕψους
1319 2980 1484 3062 cognouit.

312 3080 438 3162 Quodsi
468 3083 667 3169 quaerimus,
698 3085 856 3171 quoniam
887 3084 1020 3152 Caecilii
1050 3085 1195 3169 uestigia
1222 3085 1259 3151 in
1289 3083 1485 3166 Quintiliani

204 3185 280 3253 libri
313 3187 359 3254 lX
393 3190 515 3276 capss
550 3210 717 3257 occurrere
751 3194 921 3278 putamus,
965 3212 1034 3278 qua
1074 3191 1205 3258 ratione
1243 3194 1283 3258 ut
1324 3193 1408 3258 satis
1443 3213 1485 3258 ea

206 3294 416 3381 exploremus
457 3296 528 3362 fieri
564 3297 686 3383 possit,
732 3296 766 3362 id
805 3298 868 3364 erit
898 3296 1248 3382 animaduertendum,
1290 3301 1482 3366 nominasse

204 3400 344 3468 Fabium
375 3402 411 3468 in
442 3404 551 3490 capite
582 3402 670 3470 illius
701 3403 775 3471 libri
797 3404 842 3470 lll
872 3404 945 3470 eius
976 3404 1160 3473 doctrinam
1200 3405 1241 3472 de
1272 3405 1325 3472 his
1354 3405 1481 3490 figuris,

311 3633 330 3702 ¹)
349 3633 387 3688 cf.
415 3633 467 3688 rh.
494 3634 683 3700 Barclrhardt‚
715 3634 818 3691 Caecili
850 3635 971 3691 rhetoris
1002 3635 1162 3706 hagmenta
1192 3636 1267 3706 (diss.
1292 3635 1377 3693 Basil.
1403 3635 1481 3706 1883)

204 3737 231 3792 p.
252 3721 369 3790 17-8ος
388 3723 434 3788 id,
453 3721 525 3794 legg.
545 3723 660 3779 29-42.

310 3811 329 3880 ἱ)
349 3812 426 3867 Idem
444 3812 547 3868 statuit
565 3813 598 3868 B.
611 3814 756 3878 Coblenta‚
773 3813 808 3869 de
821 3813 906 3870 libelli
917 3817 980 3885 περὶ
991 3813 1073 3885 douc
1083 3817 1201 3870 auctore
1212 3813 1288 3884 (diss.
1301 3814 1481 3885 Argentorat

310 3990 329 4058 Ι)
349 3989 499 4045 Morawski
517 3990 535 4045 l.
547 4007 569 4045 s.
588 4008 615 4063 p.
627 3989 671 4046 46.
689 3990 733 4046 58.

308 4077 373 4146 ‘lh
392 4076 496 4134 Stoicis
514 4079 642 4135 rhetores
661 4079 814 4152 sumpsisse
830 4077 862 4133 τὸ
881 4077 988 4152 ὁρκικὸν
1005 4087 1090 4150 σχῆμα
1109 4079 1229 4136 coniecit
1246 4078 1291 4136 rr.
1311 4080 1426 4147 Striller,
1446 4082 1480 4136 de

203 4165 363 4222 Stoicorum
376 4167 477 4222 studiis
489 4167 644 4234 rhetoricis,
654 4167 841 4224 Vratislauiae
854 4169 924 4225 1888
937 4170 982 4240 t=
993 4169 1141 4226 Breslauer
1153 4169 1288 4242 philolog.
1301 4170 1480 4242 Abhandlgn.

308 4346 328 4416 Q
348 4345 385 4401 cl.
403 4345 553 4402 Morawski
571 4347 589 4402 l.
601 4363 623 4402 s.
642 4363 669 4419 p.
681 4348 719 4403 44
735 4364 813 4421 seqq.

260 4496 264 4504 ¹
308 4435 329 4504 ο)
346 4434 389 4490 De
416 4439 533 4491 auctore
561 4436 645 4491 buius
672 4436 760 4493 libelli
786 4439 946 4509 repugnant
972 4437 1047 4492 inter
1063 4453 1094 4493 se
1111 4437 1234 4494 uirorum
1253 4437 1398 4493 doctorum
1416 4453 1480 4492 sen·

202 4523 322 4590 tactim
351 4523 389 4579 ol.
407 4524 452 4580 lh.
470 4524 557 4591 Marx,
577 4524 669 4581 Wien.
689 4526 770 4581 Stud.
788 4525 840 4580 XX
858 4525 946 4596 (1898)
965 4542 992 4598 p.
1006 4525 1155 4582 reo-204.
1185 4527 1219 4583 C.
1236 4525 1346 4592 Kaibel,
1364 4526 1480 4581 Hermes

202 4611 318 4668 XXXIV
329 4612 418 4684 (1888)
430 4631 458 4686 p.
470 4613 619 4670 ror-182.
644 4615 676 4671 B.
689 4615 761 4681 Keil,
769 4614 961 4686 Verbandlgn.
978 4615 1004 4670 d.
1021 4613 1129 4671 XLVII.
1145 4614 1336 4672 Philet-Vera.
1355 4614 1496 4686 (Leipaig·

202 4698 281 4770 1804)
300 4717 327 4772 p.
339 4701 376 4756 54
393 4718 452 4774 seq.
