3458 5100
733 330 957 395 ..55-

204 511 245 578 de
269 532 383 578 earum
406 531 471 576 usu
494 513 596 597 atquo
619 508 734 595 pretio.
781 506 855 587 Qua
877 508 913 572 in
939 523 975 572 re
998 503 1180 571 maximam
1202 503 1237 568 in
1260 505 1391 589 partem
1413 521 1482 568 101

203 619 331 700 alienis,
356 616 416 683 sed
439 618 509 682 suis
533 617 739 700 argumentis
761 616 861 680 nixus
890 611 1153 699 disputationem
1175 609 1362 677 instituisse
1385 609 1482 675 uide-

203 729 266 793 tur.
312 725 350 791 ld
373 725 461 790 enim
485 724 553 788 iam
577 743 616 789 eo
641 722 884 809 comprobatur,
918 718 1007 806 quod
1038 739 1161 786 causae
1183 717 1282 804 plene
1303 716 1480 800 figuratae,

204 833 325 920 quippe
356 852 442 917 quae
473 831 639 897 artissime
671 829 873 896 cohaereant
903 847 978 893 cum
1013 825 1239 892 suasoriarum
1273 826 1344 890 arte
1379 826 1483 910 atque

205 936 413 1006 declamandi
452 935 588 1019 studiis,
635 956 704 1002 non
741 935 791 1001 ita
827 934 934 1000 multo
980 935 1060 999 1111
1099 930 1295 1012 Quintiliani
1332 932 1482 996 aetatem

203 1044 406 1131 prouenisse,
429 1043 534 1130 ipsius
558 1041 764 1130 temporibus
783 1041 931 1124 uiguisse
954 1038 1125 1127 putandae
1150 1041 1242 1123 sunt3
1266 1036 1306 1104 01.
1322 1037 1368 1102 IX
1383 1038 1414 1120 2,
1424 1035 1480 1102 65:

204 1152 292 1218 ‘huic
326 1150 382 1217 uel
415 1150 554 1216 confinis
584 1149 640 1215 uel
673 1148 791 1215 eadem
826 1150 879 1214 est
910 1150 964 1229 (so.
987 1147 1115 1229 figura),
1147 1166 1215 1231 qua
1244 1165 1334 1210 nunc
1356 1144 1482 1210 utimur

203 1258 407 1346 plurimum'3
441 1258 487 1324 IX
502 1258 533 1340 2,
543 1258 600 1325 77:
635 1260 741 1343 ‘atqui
770 1255 947 1342 praecipue
979 1253 1099 1341 prima,
1140 1253 1259 1339 quibus
1294 1250 1483 1338 praecipere

204 1387 387 1451 coeperam,
418 1368 569 1451 tempora
597 1363 662 1430 hoc
692 1362 775 1429 uitio
806 1362 1010 1429 laborarunt.
1042 1359 1198 1426 dicebant
1229 1364 1317 1425 enim
1340 1356 1482 1423 libenter

204 1473 290 1539 tales
322 1471 579 1553 controuersias,
614 1491 701 1558 quae
736 1468 947 1536 difficultatis
981 1468 1090 1551 gratia
1123 1465 1272 1553 placent,
1308 1485 1384 1531 cum
1414 1464 1483 1530 sint

204 1580 310 1645 multo
334 1577 519 1645 faciliores'.
566 1577 640 1658 Qua
671 1576 711 1644 de
743 1595 847 1643 causa
868 1573 961 1641 haud
991 1575 1058 1642 scio
1090 1595 1135 1640 an
1158 1572 1261 1639 Fabio
1286 1571 1483 1657 scriptorum

205 1684 375 1772 complura
407 1684 472 1751 hac
503 1684 543 1750 de
574 1704 609 1749 re
640 1683 763 1750 iudicia
793 1686 926 1770 praesto
957 1702 1026 1748 101
1056 1681 1186 1747 fuerint.
1232 1678 1318 1746 Dein
1349 1677 1483 1765 saepius

206 1792 370 1878 expressis
400 1791 511 1857 uerbis
534 1790 761 1894 Quintilianus
792 1810 880 1877 quae
902 1789 974 1874 ipse
990 1788 1047 1854 ¹de
1070 1788 1134 1854 hoc
1155 1787 1340 1870 figurarum
1363 1804 1483 1868 genere

205 1902 362 1984 expertus
394 1897 439 1964 sit
470 1918 622 1984 quaeque
655 1897 718 1963 sibi
740 1895 920 1963 uideantur
950 1895 1093 1961 uitanda
1122 1897 1184 1960 aut
1206 1891 1397 1979 quaerenda
1419 1892 1484 1958 1110

204 2006 239 2070 11
276 2007 371 2091 parte
411 2003 646 2090 disputationis
685 2004 867 2091 profitetur.
923 2001 1041 2088 Neque
1076 2005 1191 2068 tamen
1227 1999 1390 2083 auctoris,
1430 1998 1484 2064 oui

179 2111 357 2178 debuerit
390 2109 555 2197 quaedam
577 2109 712 2193 Fabius,
743 2111 889 2193 uestigia
911 2130 1045 2196 prorsus
1069 2107 1200 2175 desunt.
1246 2106 1483 2172 1111111001-

205 2218 357 2284 sentiunt
394 2216 753 2283 Ps.·Rufinianus
800 2216 848 2283 de
892 2215 1134 2282 schematis
1173 2214 1387 2280 dianoeas
1426 2211 1483 2276 RL

204 2347 234 2412 p.
250 2325 294 2393 59
307 2345 396 2411 seqq.
412 2311 453 2390 H.
481 2327 516 2390 11
537 2323 662 2389 Fabius
695 2322 736 2389 de
767 2323 1001 2390 controuersiis
1031 2320 1185 2406 figuratis
1217 2324 1319 2408 atque
1351 2319 1391 2386 de
1422 2319 1481 2400 eis,

205 2442 290 2519 quas
313 2430 453 2518 protulit
473 2430 539 2513 ille,
563 2429 681 2513 figuris
705 2429 875 2513 dianoeas
908 2429 958 2495 ita
981 2431 1105 2514 tamen,
1133 2430 1174 2494 ut
1195 2429 1327 2514 praeter
1350 2426 1483 2507 Quinti-

205 2539 345 2619 lianum,
370 2558 469 2625 quem
484 2537 688 2604 uerbotenus
710 2535 781 2603 fere
802 2536 962 2622 sequitur,
987 2535 1090 2602 alium
1105 2533 1274 2622 quendam
1290 2533 1483 2620 scriptorem

159 2675 163 2686 ·
201 2643 398 2710 ‘adhibuisse
432 2643 526 2710 illum
564 2643 710 2729 eluceat3
746 2645 841 2710 cuius
874 2643 1020 2727 uestigia
1055 2642 1144 2730 apud
1173 2641 1315 2708 Fabium
1353 2659 1493 2728 quoque

205 2757 391 2818 occurrunt.
437 2752 548 2838 Atque
579 2759 669 2818 recte
692 2751 761 2817 iam
782 2750 965 2818 Morawski
986 2749 1006 2815 l.
1023 2771 1048 2816 s.
1064 2772 1094 2836 p.
1110 2749 1153 2816 59
1184 2748 1485 2816 controuersiarum

204 2860 359 2926 themata
375 2879 397 2924 a
407 2858 511 2924 Fabio
526 2858 647 2925 leuiter
662 2861 798 2925 tantum
813 2860 961 2924 tractata
974 2856 1139 2944 copiosius
1154 2855 1249 2923 illum
1264 2854 1484 2942 explicauisse

204 2963 378 3032 intellexit.
423 2964 515 3031 Idem
546 2965 659 3032 omnia
688 2959 759 3032 fere
790 2965 964 3031 schemata
991 2963 1126 3047 Vergilii
1156 2961 1316 3049 exemplis
1346 2961 1390 3028 ab
1420 2961 1485 3027 hoc

205 3072 362 3158 scriptore
384 3071 546 3137 illustrari
560 3073 700 3138 monuit.
735 3070 801 3137 Sed
814 3071 900 3138 haec
916 3071 1217 3137 controuersiarum
1232 3066 1482 3156 explicationes,

205 3200 280 3245 cum
315 3184 431 3244 essent
463 3181 663 3262 argumenta
692 3177 776 3244 talia
805 3179 887 3244 trita
917 3180 1019 3263 atque
1047 3176 1236 3256 notissima,
1266 3174 1364 3242 facilc
1395 3171 1485 3262 apud

207 3285 443 3371 nescioquem
466 3285 616 3352 inuenire
638 3284 758 3371 potuit.
803 3283 911 3350 Aliter
932 3305 986 3351 111
1013 3305 1051 3351 11
1080 3284 1186 3350 habet
1219 3283 1278 3350 ubi
1301 3302 1485 3350 consensus

205 3393 340 3459 exsistit
362 3393 421 3474 ita,
453 3396 493 3459 ut
514 3392 656 3460 Fabium
688 3392 874 3458 exscribere
897 3413 966 3458 non
988 3392 1134 3480 potuerit
1156 3391 1260 3457 Iulius
1282 3389 1485 3456 Rufinianus

205 3501 261 3585 qui
285 3497 404 3565 dicitur
428 3498 636 3566 schematum
661 3499 808 3585 scriptor.
854 3497 970 3565 Fidem
994 3498 1083 3565 enim
1106 3499 1235 3565 auctori
1258 3497 1377 3564 debere
1400 3500 1483 3583 puto

203 3605 299 3671 illum
322 3610 424 3692 atque
441 3606 695 3689 Quintilianum,
720 3606 809 3692 quod
832 3605 949 3672 dicunt
972 3604 1012 3672 de
1028 3609 1190 3690 εἰρωνείας
1203 3604 1338 3670 nomine
1354 3603 1483 3669 Latino.

204 3712 341 3796 Legitur
371 3712 461 3800 apud
492 3712 626 3795 Quintil.
642 3712 688 3779 lX
704 3712 801 3796 2,44:
836 3716 1010 3797 ἐἰρωνείαν
1039 3711 1155 3778 111111
1185 3711 1242 3796 qui
1273 3709 1487 3776 dissimu-

204 3818 421 3886 lationem
455 3823 618 3908 uocaret’3
657 3842 744 3906 quae
782 3841 853 3887 uox
892 3818 1011 3886 eadem
1045 3819 1186 3885 occurrit
1219 3815 1309 3903 apud
1343 3816 1487 3883 altemm

206 3927 399 4012 scriptorem
429 3949 459 4014 p.
476 3928 573 4010 62,21
608 3926 724 3994 ‘latine
759 3927 880 3994 dicitur
910 3930 964 4010 (sc.
987 3929 1140 4011 εἰρωνεία)
1177 3922 1486 3991 dissimulatio

204 4032 260 4099 uel
289 4034 415 4100 irrisio’.
461 4033 576 4120 Neque
606 4054 686 4101 uero
716 4034 781 4101 hoc
811 4033 954 4122 sumpsit
984 4031 1039 4098 ille
1062 4053 1104 4098 ex
1126 4030 1245 4114 Fabio,
1283 4031 1404 4119 quippe
1428 4031 1485 4119 qui

205 4140 387 4206 ‘irrisionis’
418 4160 552 4224 nomen,
583 4143 750 4227 quantum
779 4140 889 4225 uideo,
925 4159 1094 4224 nusquam
1124 4138 1349 4225 usurpauerit3
1381 4141 1486 4207 uertit

206 4250 321 4313 autem
354 4246 559 4314 uocabulum
593 4251 754 4330 εἰρωνείας
787 4267 945 4332 graecum
981 4266 1040 4333 per
1073 4243 1396 4314 ‘dissimulationem’
1430 4247 1488 4313 uel

205 4352 427 4420 ‘inlusionem’
445 4352 530 4436 (VIIl
547 4353 650 4438 1154).
696 4355 781 4421 Item
803 4375 857 4420 res
880 4353 1042 4420 sehabet
1065 4351 1106 4418 de
1129 4354 1347 4438 ἀντιφράσεως
1368 4352 1487 4437 figura

204 4460 340 4526 Laudat
362 4461 452 4527 enim
475 4461 600 4527 Fabius
622 4461 766 4544 1x2‚47
788 4459 943 4544 figuram,
966 4464 1066 4547 ‘quac
1089 4458 1208 4526 dicitur
1231 4481 1252 4526 a
1274 4460 1487 4544 negando,

205 4589 307 4652 quam
329 4566 483 4634 10111111
514 4571 606 4634 ἀντί
611 4593 766 4653 φρασιν
788 4570 939 4652 101111’;
965 4566 1081 4634 eadem
1103 4566 1210 4650 figura
1237 4565 1422 4654 explicatur
1444 4566 1488 4632 ab

205 4673 311 4740 altero
327 4696 357 4760 p.
373 4675 427 4758 62,
439 4674 492 4742 16:
516 4677 781 4759 ’ἀντίφρασις
805 4677 857 4741 111
871 4674 983 4757 figura
1006 4674 1206 4758 sententiae,
1232 4693 1307 4740 cum
1323 4672 1490 4759 quaedam
