<?xml version="1.0" encoding="UTF-8"?>
<!DOCTYPE html PUBLIC "-//W3C//DTD XHTML 1.0 Transitional//EN"
    "http://www.w3.org/TR/xhtml1/DTD/xhtml1-transitional.dtd">
<html xmlns="http://www.w3.org/1999/xhtml" xml:lang="en" lang="en">
 <head>
  <title>
</title>
<meta http-equiv="Content-Type" content="text/html;charset=utf-8" />
  <meta name='ocr-system' content='tesseract 3.04.00' />
  <meta name='ocr-capabilities' content='ocr_page ocr_carea ocr_par ocr_line ocrx_word'/>
</head>
<body>
  <div class='ocr_page' id='page_1' title='image "./delannaeocornut00reppgoog_0039.png"; bbox 0 0 3458 5100; ppageno 0'>
   <div class='ocr_carea' id='block_1_1' title="bbox 763 297 986 364">
    <p class='ocr_par' dir='ltr' id='par_1_1' title="bbox 763 297 986 364">
     <span class='ocr_line' id='line_1_1' title="bbox 763 297 986 364; baseline -0.004 -18"><span class='ocrx_word' id='word_1_1' title='bbox 763 297 986 364; x_wconf 70' lang='lat'>„30-</span> 
     </span>
    </p>
   </div>
   <div class='ocr_carea' id='block_1_2' title="bbox 392 474 1348 670">
    <p class='ocr_par' dir='ltr' id='par_1_2' title="bbox 392 474 1348 670">
     <span class='ocr_line' id='line_1_2' title="bbox 392 474 1348 564; baseline 0.001 -23"><span class='ocrx_word' id='word_1_2' title='bbox 392 474 555 560; x_wconf 66' lang='lat' dir='ltr'><strong>‘Mantua</strong></span> <span class='ocrx_word' id='word_1_3' title='bbox 579 474 752 542; x_wconf 83' lang='lat' dir='ltr'>Musarum</span> <span class='ocrx_word' id='word_1_4' title='bbox 775 475 894 542; x_wconf 92' lang='lat' dir='ltr'><strong>domus</strong></span> <span class='ocrx_word' id='word_1_5' title='bbox 918 478 1022 564; x_wconf 87' lang='lat' dir='ltr'><strong>atque</strong></span> <span class='ocrx_word' id='word_1_6' title='bbox 1045 474 1090 542; x_wconf 87' lang='lat' dir='ltr'><strong>ad</strong></span> <span class='ocrx_word' id='word_1_7' title='bbox 1113 474 1222 542; x_wconf 87' lang='lat' dir='ltr'><strong>sidera</strong></span> <span class='ocrx_word' id='word_1_8' title='bbox 1245 478 1348 542; x_wconf 91' lang='lat' dir='ltr'><strong>cantu</strong></span> 
     </span>
     <span class='ocr_line' id='line_1_3' title="bbox 405 580 1267 670; baseline 0.001 -22"><span class='ocrx_word' id='word_1_9' title='bbox 405 585 524 649; x_wconf 91' lang='lat' dir='ltr'><strong>euecta</strong></span> <span class='ocrx_word' id='word_1_10' title='bbox 546 581 654 648; x_wconf 86' lang='lat' dir='ltr'><strong>Aonio</strong></span> <span class='ocrx_word' id='word_1_11' title='bbox 679 584 714 649; x_wconf 91' lang='lat' dir='ltr'><strong>et</strong></span> <span class='ocrx_word' id='word_1_12' title='bbox 737 580 929 670; x_wconf 79' lang='lat' dir='ltr'><strong>Smyrnaeis</strong></span> <span class='ocrx_word' id='word_1_13' title='bbox 957 581 1091 649; x_wconf 82' lang='lat' dir='ltr'><strong>aemule</strong></span> <span class='ocrx_word' id='word_1_14' title='bbox 1113 582 1267 670; x_wconf 71' lang='lat' dir='ltr'><strong>plectris.³</strong></span> 
     </span>
    </p>
   </div>
   <div class='ocr_carea' id='block_1_3' title="bbox 232 705 1518 1860">
    <p class='ocr_par' dir='ltr' id='par_1_3' title="bbox 232 705 1516 1008">
     <span class='ocr_line' id='line_1_4' title="bbox 338 705 1516 794; baseline -0.001 -21"><span class='ocrx_word' id='word_1_15' title='bbox 338 706 512 774; x_wconf 78' lang='lat' dir='ltr'><strong>Habemus</strong></span> <span class='ocrx_word' id='word_1_16' title='bbox 547 705 669 773; x_wconf 79' lang='lat' dir='ltr'><strong>similia</strong></span> <span class='ocrx_word' id='word_1_17' title='bbox 703 705 739 772; x_wconf 91' lang='lat' dir='ltr'><strong>in</strong></span> <span class='ocrx_word' id='word_1_18' title='bbox 774 705 905 789; x_wconf 79' lang='lat' dir='ltr'><strong>Plinii1)</strong></span> <span class='ocrx_word' id='word_1_19' title='bbox 942 706 1036 794; x_wconf 90' lang='lat' dir='ltr'><strong>epist.</strong></span> <span class='ocrx_word' id='word_1_20' title='bbox 1060 707 1158 791; x_wconf 78' lang='lat'><strong>1117,</strong></span> <span class='ocrx_word' id='word_1_21' title='bbox 1182 707 1212 790; x_wconf 87' lang='lat'><strong>8,</strong></span> <span class='ocrx_word' id='word_1_22' title='bbox 1247 729 1350 794; x_wconf 88' lang='lat' dir='ltr'><strong>quam</strong></span> <span class='ocrx_word' id='word_1_23' title='bbox 1384 708 1516 794; x_wconf 88' lang='lat' dir='ltr'><strong>scripsit</strong></span> 
     </span>
     <span class='ocr_line' id='line_1_5' title="bbox 232 811 1515 903; baseline -0.002 -22"><span class='ocrx_word' id='word_1_24' title='bbox 232 814 333 903; x_wconf 89' lang='lat' dir='ltr'><strong>paulo</strong></span> <span class='ocrx_word' id='word_1_25' title='bbox 357 816 436 901; x_wconf 88' lang='lat' dir='ltr'><strong>post</strong></span> <span class='ocrx_word' id='word_1_26' title='bbox 450 812 559 880; x_wconf 85' lang='lat' dir='ltr'><strong>Italici</strong></span> <span class='ocrx_word' id='word_1_27' title='bbox 581 814 723 880; x_wconf 90' lang='lat' dir='ltr'><strong>mortem</strong></span> <span class='ocrx_word' id='word_1_28' title='bbox 746 813 790 879; x_wconf 89' lang='lat' dir='ltr'><strong>ad</strong></span> <span class='ocrx_word' id='word_1_29' title='bbox 805 811 982 880; x_wconf 82' lang='lat' dir='ltr'><strong>Caninium</strong></span> <span class='ocrx_word' id='word_1_30' title='bbox 996 811 1132 899; x_wconf 87' lang='lat' dir='ltr'><strong>Rufum,</strong></span> <span class='ocrx_word' id='word_1_31' title='bbox 1156 812 1275 880; x_wconf 90' lang='lat' dir='ltr'><strong>deinde</strong></span> <span class='ocrx_word' id='word_1_32' title='bbox 1299 813 1390 900; x_wconf 87' lang='lat' dir='ltr'><strong>apud</strong></span> <span class='ocrx_word' id='word_1_33' title='bbox 1404 813 1515 880; x_wconf 88' lang='lat' dir='ltr'><strong>Marti-</strong></span> 
     </span>
     <span class='ocr_line' id='line_1_6' title="bbox 233 919 647 1008; baseline -0.007 -20"><span class='ocrx_word' id='word_1_34' title='bbox 233 921 321 988; x_wconf 90' lang='lat' dir='ltr'><strong>alem</strong></span> <span class='ocrx_word' id='word_1_35' title='bbox 346 919 444 1008; x_wconf 86' lang='lat' dir='ltr'><strong>epigr.</strong></span> <span class='ocrx_word' id='word_1_36' title='bbox 466 919 514 985; x_wconf 92' lang='lat' dir='ltr'><strong>XI</strong></span> <span class='ocrx_word' id='word_1_37' title='bbox 535 919 647 1003; x_wconf 87' lang='lat'><strong>48,1:</strong></span> 
     </span>
    </p>

    <p class='ocr_par' dir='ltr' id='par_1_4' title="bbox 234 1025 1344 1326">
     <span class='ocr_line' id='line_1_7' title="bbox 415 1025 1344 1111; baseline 0 -18"><span class='ocrx_word' id='word_1_38' title='bbox 415 1025 527 1093; x_wconf 85' lang='lat' dir='ltr'><strong>‘Silius</strong></span> <span class='ocrx_word' id='word_1_39' title='bbox 541 1026 626 1093; x_wconf 90' lang='lat' dir='ltr'><strong>haec</strong></span> <span class='ocrx_word' id='word_1_40' title='bbox 649 1028 763 1111; x_wconf 88' lang='lat' dir='ltr'><strong>magni</strong></span> <span class='ocrx_word' id='word_1_41' title='bbox 785 1025 931 1093; x_wconf 78' lang='lat' dir='ltr'><strong>celebrat</strong></span> <span class='ocrx_word' id='word_1_42' title='bbox 954 1030 1173 1094; x_wconf 87' lang='lat' dir='ltr'><strong>monumenta</strong></span> <span class='ocrx_word' id='word_1_43' title='bbox 1187 1025 1344 1093; x_wconf 88' lang='lat' dir='ltr'><strong>Maronis&#39;</strong></span> 
     </span>
     <span class='ocr_line' id='line_1_8' title="bbox 234 1133 1158 1220; baseline -0.005 -17"><span class='ocrx_word' id='word_1_44' title='bbox 234 1133 463 1220; x_wconf 55' lang='lat' dir='ltr'><strong>mfflQ&amp;</strong></span> <span class='ocrx_word' id='word_1_45' title='bbox 1156 1141 1158 1147; x_wconf 57' lang='lat'><strong>⁴</strong></span> 
     </span>
     <span class='ocr_line' id='line_1_9' title="bbox 522 1238 1268 1326; baseline 0.003 -22"><span class='ocrx_word' id='word_1_46' title='bbox 522 1243 541 1305; x_wconf 65' lang='grc' dir='ltr'>ἵ</span> <span class='ocrx_word' id='word_1_47' title='bbox 565 1290 572 1306; x_wconf 90' lang='grc'><strong>.</strong></span> <span class='ocrx_word' id='word_1_48' title='bbox 596 1289 604 1305; x_wconf 88' lang='grc'><strong>.</strong></span> <span class='ocrx_word' id='word_1_49' title='bbox 627 1239 685 1326; x_wconf 92' lang='lat' dir='ltr'><strong>qui</strong></span> <span class='ocrx_word' id='word_1_50' title='bbox 707 1238 818 1323; x_wconf 89' lang='lat' dir='ltr'><strong>magni</strong></span> <span class='ocrx_word' id='word_1_51' title='bbox 844 1238 992 1305; x_wconf 77' lang='lat' dir='ltr'><strong>celebras</strong></span> <span class='ocrx_word' id='word_1_52' title='bbox 1008 1238 1154 1306; x_wconf 88' lang='lat' dir='ltr'><strong>Maronis</strong></span> <span class='ocrx_word' id='word_1_53' title='bbox 1169 1239 1268 1306; x_wconf 74' lang='lat' dir='ltr'><strong>idus?</strong></span> 
     </span>
    </p>

    <p class='ocr_par' dir='ltr' id='par_1_5' title="bbox 233 1344 1518 1860">
     <span class='ocr_line' id='line_1_10' title="bbox 323 1344 1517 1434; baseline -0.003 -19"><span class='ocrx_word' id='word_1_54' title='bbox 323 1348 415 1415; x_wconf 91' lang='lat' dir='ltr'><strong>ldem</strong></span> <span class='ocrx_word' id='word_1_55' title='bbox 436 1344 579 1414; x_wconf 81' lang='lat' dir='ltr'><strong>hmdum</strong></span> <span class='ocrx_word' id='word_1_56' title='bbox 602 1345 722 1412; x_wconf 89' lang='lat' dir='ltr'><strong>emisse</strong></span> <span class='ocrx_word' id='word_1_57' title='bbox 742 1344 841 1411; x_wconf 90' lang='lat' dir='ltr'><strong>testis</strong></span> <span class='ocrx_word' id='word_1_58' title='bbox 857 1349 911 1412; x_wconf 91' lang='lat' dir='ltr'><strong>est</strong></span> <span class='ocrx_word' id='word_1_59' title='bbox 926 1345 1025 1432; x_wconf 82' lang='lat' dir='ltr'><strong>epigr.</strong></span> <span class='ocrx_word' id='word_1_60' title='bbox 1042 1345 1089 1412; x_wconf 92' lang='lat' dir='ltr'><strong>XI</strong></span> <span class='ocrx_word' id='word_1_61' title='bbox 1104 1345 1147 1412; x_wconf 84' lang='lat'><strong>49</strong></span> <span class='ocrx_word' id='word_1_62' title='bbox 1162 1345 1434 1434; x_wconf 86' lang='lat' dir='ltr'><strong>Neapolitanum,</strong></span> <span class='ocrx_word' id='word_1_63' title='bbox 1458 1347 1517 1414; x_wconf 91' lang='lat' dir='ltr'><strong>ubi</strong></span> 
     </span>
     <span class='ocr_line' id='line_1_11' title="bbox 233 1433 1517 1542; baseline 0 -22"><span class='ocrx_word' id='word_1_64' title='bbox 233 1453 422 1542; x_wconf 89' lang='lat' dir='ltr'><strong>sepulerum</strong></span> <span class='ocrx_word' id='word_1_65' title='bbox 434 1457 507 1520; x_wconf 89' lang='lat' dir='ltr'><strong>erat</strong></span> <span class='ocrx_word' id='word_1_66' title='bbox 517 1451 662 1537; x_wconf 84' lang='lat' dir='ltr'><strong>Vergilii,</strong></span> <span class='ocrx_word' id='word_1_67' title='bbox 671 1433 766 1519; x_wconf 78' lang='lat' dir='ltr'><strong>illum</strong></span> <span class='ocrx_word' id='word_1_68' title='bbox 777 1451 821 1518; x_wconf 91' lang='lat' dir='ltr'><strong>ab</strong></span> <span class='ocrx_word' id='word_1_69' title='bbox 833 1452 931 1539; x_wconf 89' lang='lat' dir='ltr'><strong>inope</strong></span> <span class='ocrx_word' id='word_1_70' title='bbox 943 1473 1147 1539; x_wconf 85' lang='lat' dir='ltr'><strong>possessore,</strong></span> <span class='ocrx_word' id='word_1_71' title='bbox 1161 1451 1251 1541; x_wconf 90' lang='lat' dir='ltr'><strong>quod</strong></span> <span class='ocrx_word' id='word_1_72' title='bbox 1261 1456 1517 1520; x_wconf 79' lang='lat' dir='ltr'><strong>monumentum</strong></span> 
     </span>
     <span class='ocr_line' id='line_1_12' title="bbox 234 1557 1517 1647; baseline -0.002 -19"><span class='ocrx_word' id='word_1_73' title='bbox 234 1561 325 1628; x_wconf 89' lang='lat' dir='ltr'><strong>adire</strong></span> <span class='ocrx_word' id='word_1_74' title='bbox 348 1564 389 1627; x_wconf 91' lang='lat' dir='ltr'><strong>ut</strong></span> <span class='ocrx_word' id='word_1_75' title='bbox 410 1559 574 1647; x_wconf 94' lang='lat' dir='ltr'><strong>templum</strong></span> <span class='ocrx_word' id='word_1_76' title='bbox 598 1558 737 1626; x_wconf 85' lang='lat' dir='ltr'><strong>solebat.</strong></span> <span class='ocrx_word' id='word_1_77' title='bbox 782 1557 920 1625; x_wconf 88' lang='lat' dir='ltr'><strong>Praeter</strong></span> <span class='ocrx_word' id='word_1_78' title='bbox 950 1559 1035 1626; x_wconf 91' lang='lat' dir='ltr'><strong>haec</strong></span> <span class='ocrx_word' id='word_1_79' title='bbox 1057 1558 1164 1626; x_wconf 88' lang='lat' dir='ltr'><strong>italici</strong></span> <span class='ocrx_word' id='word_1_80' title='bbox 1188 1559 1302 1627; x_wconf 89' lang='lat' dir='ltr'><strong>studia</strong></span> <span class='ocrx_word' id='word_1_81' title='bbox 1324 1557 1517 1643; x_wconf 86' lang='lat' dir='ltr'><strong>Vergiliana</strong></span> 
     </span>
     <span class='ocr_line' id='line_1_13' title="bbox 235 1663 1516 1736; baseline -0.002 -1"><span class='ocrx_word' id='word_1_82' title='bbox 235 1667 419 1736; x_wconf 77' lang='lat' dir='ltr'><strong>Cornutum</strong></span> <span class='ocrx_word' id='word_1_83' title='bbox 445 1670 485 1733; x_wconf 91' lang='lat' dir='ltr'><strong>ut</strong></span> <span class='ocrx_word' id='word_1_84' title='bbox 507 1666 608 1732; x_wconf 90' lang='lat' dir='ltr'><strong>libros</strong></span> <span class='ocrx_word' id='word_1_85' title='bbox 636 1663 805 1732; x_wconf 88' lang='lat' dir='ltr'><strong>dedicaret</strong></span> <span class='ocrx_word' id='word_1_86' title='bbox 835 1663 883 1731; x_wconf 93' lang='lat' dir='ltr'><strong>illi</strong></span> <span class='ocrx_word' id='word_1_87' title='bbox 914 1665 1136 1732; x_wconf 89' lang='lat' dir='ltr'><strong>commouisse</strong></span> <span class='ocrx_word' id='word_1_88' title='bbox 1166 1664 1302 1732; x_wconf 92' lang='lat' dir='ltr'><strong>uidetur</strong></span> <span class='ocrx_word' id='word_1_89' title='bbox 1332 1667 1516 1733; x_wconf 87' lang='lat' dir='ltr'><strong>communis</strong></span> 
     </span>
     <span class='ocr_line' id='line_1_14' title="bbox 235 1770 1518 1860; baseline -0.002 -18"><span class='ocrx_word' id='word_1_90' title='bbox 235 1773 368 1842; x_wconf 81' lang='lat' dir='ltr'><strong>Stoicae</strong></span> <span class='ocrx_word' id='word_1_91' title='bbox 391 1773 472 1839; x_wconf 83' lang='lat' dir='ltr'><strong>fidei</strong></span> <span class='ocrx_word' id='word_1_92' title='bbox 486 1773 657 1860; x_wconf 84' lang='lat' dir='ltr'><strong>professio,</strong></span> <span class='ocrx_word' id='word_1_93' title='bbox 678 1770 769 1859; x_wconf 89' lang='lat' dir='ltr'><strong>quod</strong></span> <span class='ocrx_word' id='word_1_94' title='bbox 792 1771 922 1856; x_wconf 87' lang='lat' dir='ltr'><strong>egregie</strong></span> <span class='ocrx_word' id='word_1_95' title='bbox 939 1771 1053 1839; x_wconf 90' lang='lat' dir='ltr'><strong>docuit</strong></span> <span class='ocrx_word' id='word_1_96' title='bbox 1069 1771 1251 1839; x_wconf 77' lang='lat' dir='ltr'><strong>Buecheler</strong></span> <span class='ocrx_word' id='word_1_97' title='bbox 1265 1773 1300 1839; x_wconf 92' lang='lat' dir='ltr'><strong>in</strong></span> <span class='ocrx_word' id='word_1_98' title='bbox 1311 1792 1396 1839; x_wconf 88' lang='lat' dir='ltr'><strong>mus.</strong></span> <span class='ocrx_word' id='word_1_99' title='bbox 1411 1772 1518 1840; x_wconf 88' lang='lat' dir='ltr'><strong>Rhen.</strong></span> 
     </span>
    </p>
   </div>
   <div class='ocr_carea' id='block_1_4' title="bbox 235 1877 1518 2075">
    <p class='ocr_par' dir='ltr' id='par_1_6' title="bbox 235 1877 1518 2075">
     <span class='ocr_line' id='line_1_15' title="bbox 235 1877 1517 1966; baseline -0.001 -19"><span class='ocrx_word' id='word_1_100' title='bbox 235 1880 301 1948; x_wconf 90' lang='lat' dir='ltr'><strong>uol</strong></span> <span class='ocrx_word' id='word_1_101' title='bbox 313 1879 439 1947; x_wconf 84' lang='lat' dir='ltr'>XXXV</span> <span class='ocrx_word' id='word_1_102' title='bbox 451 1879 559 1963; x_wconf 77' lang='lat'><strong>(1880)</strong></span> <span class='ocrx_word' id='word_1_103' title='bbox 575 1901 606 1966; x_wconf 92' lang='lat' dir='ltr'><strong>p.</strong></span> <span class='ocrx_word' id='word_1_104' title='bbox 619 1878 693 1945; x_wconf 89' lang='grc'><strong>390.</strong></span> <span class='ocrx_word' id='word_1_105' title='bbox 722 1877 964 1965; x_wconf 77' lang='lat' dir='ltr'><strong>Comprobatur</strong></span> <span class='ocrx_word' id='word_1_106' title='bbox 974 1879 1039 1946; x_wconf 91' lang='lat' dir='ltr'><strong>hoe</strong></span> <span class='ocrx_word' id='word_1_107' title='bbox 1053 1879 1189 1945; x_wconf 89' lang='lat' dir='ltr'><strong>uirtutis</strong></span> <span class='ocrx_word' id='word_1_108' title='bbox 1205 1879 1337 1946; x_wconf 84' lang='lat' dir='ltr'><strong>Stoicae</strong></span> <span class='ocrx_word' id='word_1_109' title='bbox 1352 1878 1517 1963; x_wconf 89' lang='lat' dir='ltr'><strong>laudibus,</strong></span> 
     </span>
     <span class='ocr_line' id='line_1_16' title="bbox 235 1984 1518 2075; baseline -0.002 -20"><span class='ocrx_word' id='word_1_110' title='bbox 235 1988 271 2054; x_wconf 93' lang='lat' dir='ltr'><strong>in</strong></span> <span class='ocrx_word' id='word_1_111' title='bbox 283 1988 405 2075; x_wconf 91' lang='lat' dir='ltr'><strong>quibus</strong></span> <span class='ocrx_word' id='word_1_112' title='bbox 416 1987 562 2054; x_wconf 86' lang='lat' dir='ltr'><strong>maxime</strong></span> <span class='ocrx_word' id='word_1_113' title='bbox 574 1988 756 2052; x_wconf 81' lang='lat' dir='ltr'><strong>uersentur</strong></span> <span class='ocrx_word' id='word_1_114' title='bbox 771 1988 806 2052; x_wconf 92' lang='lat' dir='ltr'><strong>et</strong></span> <span class='ocrx_word' id='word_1_115' title='bbox 820 1985 895 2051; x_wconf 88' lang='lat' dir='ltr'><strong>uita</strong></span> <span class='ocrx_word' id='word_1_116' title='bbox 912 1987 947 2052; x_wconf 91' lang='lat' dir='ltr'><strong>et</strong></span> <span class='ocrx_word' id='word_1_117' title='bbox 963 1984 1112 2052; x_wconf 88' lang='lat' dir='ltr'><strong>carmina</strong></span> <span class='ocrx_word' id='word_1_118' title='bbox 1126 1985 1224 2053; x_wconf 90' lang='lat' dir='ltr'><strong>illius.</strong></span> <span class='ocrx_word' id='word_1_119' title='bbox 1248 1985 1323 2067; x_wconf 81' lang='lat' dir='ltr'><strong>Qua</strong></span> <span class='ocrx_word' id='word_1_120' title='bbox 1339 1985 1379 2052; x_wconf 91' lang='lat' dir='ltr'><strong>de</strong></span> <span class='ocrx_word' id='word_1_121' title='bbox 1394 2006 1430 2053; x_wconf 90' lang='lat' dir='ltr'><strong>re</strong></span> <span class='ocrx_word' id='word_1_122' title='bbox 1442 2007 1518 2053; x_wconf 91' lang='lat' dir='ltr'><strong>con-</strong></span> 
     </span>
    </p>
   </div>
   <div class='ocr_carea' id='block_1_5' title="bbox 235 2091 1518 2395">
    <p class='ocr_par' dir='ltr' id='par_1_7' title="bbox 235 2091 1518 2395">
     <span class='ocr_line' id='line_1_17' title="bbox 235 2091 1518 2181; baseline -0.002 -20"><span class='ocrx_word' id='word_1_123' title='bbox 235 2094 387 2162; x_wconf 82' lang='lat' dir='ltr'><strong>ferantur</strong></span> <span class='ocrx_word' id='word_1_124' title='bbox 401 2093 546 2181; x_wconf 77' lang='lat' dir='ltr'><strong>Epicteti</strong></span> <span class='ocrx_word' id='word_1_125' title='bbox 565 2092 733 2159; x_wconf 85' lang='lat' dir='ltr'><strong>dissertat.</strong></span> <span class='ocrx_word' id='word_1_126' title='bbox 748 2091 835 2175; x_wconf 83' lang='lat'><strong>1118,</strong></span> <span class='ocrx_word' id='word_1_127' title='bbox 849 2091 869 2157; x_wconf 79' lang='lat'>7</span> <span class='ocrx_word' id='word_1_128' title='bbox 887 2093 927 2178; x_wconf 85' lang='lat' dir='ltr'><strong>(p.</strong></span> <span class='ocrx_word' id='word_1_129' title='bbox 943 2091 1009 2158; x_wconf 82' lang='lat'><strong>232</strong></span> <span class='ocrx_word' id='word_1_130' title='bbox 1025 2091 1192 2176; x_wconf 71' lang='lat' dir='ltr'><strong>Schenkl),</strong></span> <span class='ocrx_word' id='word_1_131' title='bbox 1208 2092 1267 2159; x_wconf 90' lang='lat' dir='ltr'><strong>ubi</strong></span> <span class='ocrx_word' id='word_1_132' title='bbox 1282 2093 1386 2159; x_wconf 87' lang='lat' dir='ltr'><strong>animi</strong></span> <span class='ocrx_word' id='word_1_133' title='bbox 1401 2092 1518 2180; x_wconf 86' lang='lat' dir='ltr'><strong>aequi·</strong></span> 
     </span>
     <span class='ocr_line' id='line_1_18' title="bbox 235 2198 1518 2288; baseline -0.004 -19"><span class='ocrx_word' id='word_1_134' title='bbox 235 2204 341 2269; x_wconf 85' lang='lat' dir='ltr'><strong>tatem</strong></span> <span class='ocrx_word' id='word_1_135' title='bbox 360 2200 533 2288; x_wconf 90' lang='lat' dir='ltr'><strong>praedicat</strong></span> <span class='ocrx_word' id='word_1_136' title='bbox 553 2198 656 2266; x_wconf 86' lang='lat' dir='ltr'><strong>Stoici</strong></span> <span class='ocrx_word' id='word_1_137' title='bbox 675 2198 863 2286; x_wconf 88' lang='lat' dir='ltr'><strong>philosophi</strong></span> <span class='ocrx_word' id='word_1_138' title='bbox 882 2198 1056 2283; x_wconf 72' lang='lat' dir='ltr'><strong>Italicus,²)</strong></span> <span class='ocrx_word' id='word_1_139' title='bbox 1076 2198 1147 2286; x_wconf 90' lang='lat' dir='ltr'><strong>ipse</strong></span> <span class='ocrx_word' id='word_1_140' title='bbox 1168 2220 1301 2287; x_wconf 90' lang='lat' dir='ltr'><strong>quoque</strong></span> <span class='ocrx_word' id='word_1_141' title='bbox 1322 2201 1518 2266; x_wconf 86' lang='lat' dir='ltr'><strong>constanter</strong></span> 
     </span>
     <span class='ocr_line' id='line_1_19' title="bbox 235 2304 1517 2395; baseline -0.002 -20"><span class='ocrx_word' id='word_1_142' title='bbox 235 2311 376 2376; x_wconf 89' lang='lat' dir='ltr'><strong>mortem</strong></span> <span class='ocrx_word' id='word_1_143' title='bbox 392 2307 611 2395; x_wconf 77' lang='lat' dir='ltr'><strong>expectans,³)</strong></span> <span class='ocrx_word' id='word_1_144' title='bbox 636 2306 755 2373; x_wconf 90' lang='lat' dir='ltr'><strong>deinde</strong></span> <span class='ocrx_word' id='word_1_145' title='bbox 770 2305 883 2373; x_wconf 91' lang='lat' dir='ltr'><strong>Punic.</strong></span> <span class='ocrx_word' id='word_1_146' title='bbox 899 2305 931 2370; x_wconf 99' lang='lat' dir='ltr'>X</span> <span class='ocrx_word' id='word_1_147' title='bbox 947 2305 1013 2374; x_wconf 77' lang='lat'><strong>657</strong></span> <span class='ocrx_word' id='word_1_148' title='bbox 1029 2327 1097 2393; x_wconf 90' lang='lat' dir='ltr'><strong>seq.</strong></span> <span class='ocrx_word' id='word_1_149' title='bbox 1112 2304 1176 2370; x_wconf 88' lang='lat' dir='ltr'><strong>XV</strong></span> <span class='ocrx_word' id='word_1_150' title='bbox 1191 2305 1235 2372; x_wconf 88' lang='lat'><strong>20</strong></span> <span class='ocrx_word' id='word_1_151' title='bbox 1259 2326 1348 2394; x_wconf 89' lang='lat' dir='ltr'><strong>seqq.</strong></span> <span class='ocrx_word' id='word_1_152' title='bbox 1372 2306 1448 2391; x_wconf 88' lang='lat' dir='ltr'><strong>alia,</strong></span> <span class='ocrx_word' id='word_1_153' title='bbox 1473 2304 1517 2372; x_wconf 72' lang='lat' dir='ltr'><strong>aa</strong></span> 
     </span>
    </p>
   </div>
   <div class='ocr_carea' id='block_1_6' title="bbox 235 2411 1518 2606">
    <p class='ocr_par' dir='ltr' id='par_1_8' title="bbox 235 2411 1518 2606">
     <span class='ocr_line' id='line_1_20' title="bbox 235 2411 1518 2502; baseline -0.002 -21"><span class='ocrx_word' id='word_1_154' title='bbox 235 2435 322 2502; x_wconf 89' lang='lat' dir='ltr'><strong>quae</strong></span> <span class='ocrx_word' id='word_1_155' title='bbox 338 2414 527 2481; x_wconf 87' lang='lat' dir='ltr'><strong>accuratius</strong></span> <span class='ocrx_word' id='word_1_156' title='bbox 541 2411 776 2496; x_wconf 89' lang='lat' dir='ltr'><strong>intellegenda,</strong></span> <span class='ocrx_word' id='word_1_157' title='bbox 801 2434 843 2478; x_wconf 90' lang='lat' dir='ltr'><strong>na</strong></span> <span class='ocrx_word' id='word_1_158' title='bbox 866 2433 920 2479; x_wconf 90' lang='lat' dir='ltr'><strong>res</strong></span> <span class='ocrx_word' id='word_1_159' title='bbox 943 2414 1109 2480; x_wconf 85' lang='lat' dir='ltr'><strong>tractatas</strong></span> <span class='ocrx_word' id='word_1_160' title='bbox 1131 2416 1292 2500; x_wconf 90' lang='lat' dir='ltr'><strong>repetam,</strong></span> <span class='ocrx_word' id='word_1_161' title='bbox 1316 2411 1518 2479; x_wconf 90' lang='lat' dir='ltr'><strong>adhibeatur</strong></span> 
     </span>
     <span class='ocr_line' id='line_1_21' title="bbox 235 2517 1516 2606; baseline -0.002 -18"><span class='ocrx_word' id='word_1_162' title='bbox 235 2520 411 2588; x_wconf 91' lang='lat' dir='ltr'><strong>Ribbeckii</strong></span> <span class='ocrx_word' id='word_1_163' title='bbox 426 2518 544 2586; x_wconf 86' lang='lat' dir='ltr'><strong>Gesch.</strong></span> <span class='ocrx_word' id='word_1_164' title='bbox 560 2517 590 2584; x_wconf 88' lang='lat' dir='ltr'><strong>d.</strong></span> <span class='ocrx_word' id='word_1_165' title='bbox 606 2521 686 2585; x_wconf 79' lang='lat' dir='ltr'><strong>rbm.</strong></span> <span class='ocrx_word' id='word_1_166' title='bbox 709 2518 840 2603; x_wconf 88' lang='lat' dir='ltr'><strong>Dichtg.</strong></span> <span class='ocrx_word' id='word_1_167' title='bbox 856 2518 901 2584; x_wconf 95' lang='lat' dir='ltr'><strong>lll</strong></span> <span class='ocrx_word' id='word_1_168' title='bbox 914 2539 946 2605; x_wconf 91' lang='lat' dir='ltr'><strong>p.</strong></span> <span class='ocrx_word' id='word_1_169' title='bbox 962 2519 1029 2586; x_wconf 85' lang='lat'><strong>204</strong></span> <span class='ocrx_word' id='word_1_170' title='bbox 1052 2540 1120 2606; x_wconf 90' lang='lat' dir='ltr'><strong>seq.</strong></span> <span class='ocrx_word' id='word_1_171' title='bbox 1155 2520 1204 2585; x_wconf 89' lang='lat' dir='ltr'><strong>De</strong></span> <span class='ocrx_word' id='word_1_172' title='bbox 1219 2520 1413 2606; x_wconf 92' lang='lat' dir='ltr'><strong>tempore</strong></span> <span class='ocrx_word' id='word_1_173' title='bbox 1436 2539 1516 2586; x_wconf 93' lang='lat' dir='ltr'><strong>uero</strong></span> 
     </span>
    </p>
   </div>
   <div class='ocr_carea' id='block_1_7' title="bbox 236 2622 1518 3247">
    <p class='ocr_par' dir='ltr' id='par_1_9' title="bbox 236 2622 1518 3247">
     <span class='ocr_line' id='line_1_22' title="bbox 236 2622 1517 2714; baseline -0.001 -21"><span class='ocrx_word' id='word_1_174' title='bbox 236 2648 318 2714; x_wconf 92' lang='lat' dir='ltr'><strong>quo</strong></span> <span class='ocrx_word' id='word_1_175' title='bbox 343 2625 598 2712; x_wconf 88' lang='lat' dir='ltr'><strong>conscripta</strong></span> <span class='ocrx_word' id='word_1_176' title='bbox 621 2625 715 2691; x_wconf 91' lang='lat' dir='ltr'><strong>sint</strong></span> <span class='ocrx_word' id='word_1_177' title='bbox 737 2623 818 2692; x_wconf 89' lang='lat' dir='ltr'><strong>illa</strong></span> <span class='ocrx_word' id='word_1_178' title='bbox 840 2622 1101 2709; x_wconf 87' lang='lat' dir='ltr'><strong>deVergilio</strong></span> <span class='ocrx_word' id='word_1_179' title='bbox 1130 2625 1369 2713; x_wconf 72' lang='lat' dir='ltr'><strong>supratp.15)</strong></span> <span class='ocrx_word' id='word_1_180' title='bbox 1399 2629 1517 2693; x_wconf 91' lang='lat' dir='ltr'><strong>contra</strong></span> 
     </span>
     <span class='ocr_line' id='line_1_23' title="bbox 237 2729 1518 2820; baseline -0.001 -20"><span class='ocrx_word' id='word_1_181' title='bbox 237 2732 431 2800; x_wconf 86' lang='lat' dir='ltr'><strong>Buecheleri</strong></span> <span class='ocrx_word' id='word_1_182' title='bbox 462 2752 589 2798; x_wconf 91' lang='lat' dir='ltr'><strong>annum</strong></span> <span class='ocrx_word' id='word_1_183' title='bbox 617 2732 661 2798; x_wconf 88' lang='lat'><strong>84</strong></span> <span class='ocrx_word' id='word_1_184' title='bbox 692 2730 897 2797; x_wconf 87' lang='lat' dir='ltr'><strong>sententiam</strong></span> <span class='ocrx_word' id='word_1_185' title='bbox 929 2729 1068 2817; x_wconf 89' lang='lat' dir='ltr'><strong>protuli,</strong></span> <span class='ocrx_word' id='word_1_186' title='bbox 1103 2752 1212 2820; x_wconf 91' lang='lat' dir='ltr'><strong>neque</strong></span> <span class='ocrx_word' id='word_1_187' title='bbox 1243 2732 1317 2799; x_wconf 79' lang='lat' dir='ltr'><strong>fieri</strong></span> <span class='ocrx_word' id='word_1_188' title='bbox 1348 2753 1448 2820; x_wconf 91' lang='lat' dir='ltr'><strong>posse</strong></span> <span class='ocrx_word' id='word_1_189' title='bbox 1478 2736 1518 2799; x_wconf 91' lang='lat' dir='ltr'><strong>ut</strong></span> 
     </span>
     <span class='ocr_line' id='line_1_24' title="bbox 237 2836 1517 2927; baseline -0.001 -21"><span class='ocrx_word' id='word_1_190' title='bbox 237 2842 349 2907; x_wconf 90' lang='lat' dir='ltr'><strong>certus</strong></span> <span class='ocrx_word' id='word_1_191' title='bbox 384 2839 520 2927; x_wconf 90' lang='lat' dir='ltr'><strong>quidam</strong></span> <span class='ocrx_word' id='word_1_192' title='bbox 554 2859 665 2904; x_wconf 90' lang='lat' dir='ltr'><strong>annus</strong></span> <span class='ocrx_word' id='word_1_193' title='bbox 704 2836 873 2904; x_wconf 81' lang='lat' dir='ltr'><strong>efficiatur</strong></span> <span class='ocrx_word' id='word_1_194' title='bbox 906 2839 998 2924; x_wconf 91' lang='lat' dir='ltr'><strong>puto.</strong></span> <span class='ocrx_word' id='word_1_195' title='bbox 1042 2836 1115 2905; x_wconf 89' lang='lat' dir='ltr'><strong>Hoc</strong></span> <span class='ocrx_word' id='word_1_196' title='bbox 1148 2859 1263 2923; x_wconf 91' lang='lat' dir='ltr'><strong>unum,</strong></span> <span class='ocrx_word' id='word_1_197' title='bbox 1299 2839 1328 2905; x_wconf 91' lang='lat' dir='ltr'><strong>si</strong></span> <span class='ocrx_word' id='word_1_198' title='bbox 1362 2860 1397 2906; x_wconf 88' lang='lat' dir='ltr'><strong>re</strong></span> <span class='ocrx_word' id='word_1_199' title='bbox 1435 2860 1517 2905; x_wconf 89' lang='lat' dir='ltr'><strong>uera</strong></span> 
     </span>
     <span class='ocr_line' id='line_1_25' title="bbox 236 2942 1515 3033; baseline -0.001 -20"><span class='ocrx_word' id='word_1_200' title='bbox 236 2945 389 3014; x_wconf 88' lang='lat' dir='ltr'><strong>Italicum</strong></span> <span class='ocrx_word' id='word_1_201' title='bbox 412 2945 592 3033; x_wconf 89' lang='lat' dir='ltr'><strong>alloquitur</strong></span> <span class='ocrx_word' id='word_1_202' title='bbox 607 2942 698 3032; x_wconf 87' lang='lat' dir='ltr'><strong>apud</strong></span> <span class='ocrx_word' id='word_1_203' title='bbox 713 2943 900 3011; x_wconf 72' lang='lat' dir='ltr'><strong>charisium</strong></span> <span class='ocrx_word' id='word_1_204' title='bbox 916 2944 991 3028; x_wconf 80' lang='lat'><strong>125,</strong></span> <span class='ocrx_word' id='word_1_205' title='bbox 1009 2944 1052 3012; x_wconf 90' lang='grc'><strong>16</strong></span> <span class='ocrx_word' id='word_1_206' title='bbox 1069 2944 1245 3031; x_wconf 84' lang='lat' dir='ltr'><strong>Gomutus,</strong></span> <span class='ocrx_word' id='word_1_207' title='bbox 1263 2947 1413 3013; x_wconf 89' lang='lat' dir='ltr'><strong>statuere</strong></span> <span class='ocrx_word' id='word_1_208' title='bbox 1429 2946 1515 3028; x_wconf 88' lang='lat' dir='ltr'><strong>licet,</strong></span> 
     </span>
     <span class='ocr_line' id='line_1_26' title="bbox 236 3050 1516 3140; baseline -0.001 -20"><span class='ocrx_word' id='word_1_209' title='bbox 236 3074 305 3121; x_wconf 91' lang='lat' dir='ltr'><strong>non</strong></span> <span class='ocrx_word' id='word_1_210' title='bbox 335 3055 416 3119; x_wconf 89' lang='lat' dir='ltr'><strong>ante</strong></span> <span class='ocrx_word' id='word_1_211' title='bbox 440 3073 567 3119; x_wconf 90' lang='lat' dir='ltr'><strong>annum</strong></span> <span class='ocrx_word' id='word_1_212' title='bbox 590 3051 633 3117; x_wconf 83' lang='grc'><strong>68</strong></span> <span class='ocrx_word' id='word_1_213' title='bbox 657 3050 828 3138; x_wconf 85' lang='lat' dir='ltr'><strong>scripsisse</strong></span> <span class='ocrx_word' id='word_1_214' title='bbox 851 3050 936 3117; x_wconf 90' lang='lat' dir='ltr'><strong>haec</strong></span> <span class='ocrx_word' id='word_1_215' title='bbox 958 3050 1193 3139; x_wconf 90' lang='lat' dir='ltr'><strong>philosophum</strong></span> <span class='ocrx_word' id='word_1_216' title='bbox 1208 3051 1434 3140; x_wconf 87' lang='lat' dir='ltr'><strong>Leptitanum,</strong></span> <span class='ocrx_word' id='word_1_217' title='bbox 1450 3074 1516 3140; x_wconf 91' lang='lat' dir='ltr'><strong>quo</strong></span> 
     </span>
     <span class='ocr_line' id='line_1_27' title="bbox 237 3156 1516 3247; baseline -0.001 -20"><span class='ocrx_word' id='word_1_218' title='bbox 237 3181 326 3227; x_wconf 88' lang='lat' dir='ltr'><strong>anno</strong></span> <span class='ocrx_word' id='word_1_219' title='bbox 350 3160 517 3226; x_wconf 72' lang='lat' dir='ltr'><strong>‘ememtes</strong></span> <span class='ocrx_word' id='word_1_220' title='bbox 541 3179 649 3225; x_wconf 91' lang='lat' dir='ltr'><strong>annos</strong></span> <span class='ocrx_word' id='word_1_221' title='bbox 672 3156 777 3224; x_wconf 89' lang='lat' dir='ltr'><strong>Musis</strong></span> <span class='ocrx_word' id='word_1_222' title='bbox 808 3159 843 3224; x_wconf 98' lang='lat' dir='ltr'><strong>et</strong></span> <span class='ocrx_word' id='word_1_223' title='bbox 865 3156 1001 3224; x_wconf 90' lang='lat' dir='ltr'><strong>Phoebo</strong></span> <span class='ocrx_word' id='word_1_224' title='bbox 1033 3158 1166 3225; x_wconf 85' lang='lat' dir='ltr'><strong>tradere</strong></span> <span class='ocrx_word' id='word_1_225' title='bbox 1195 3179 1321 3247; x_wconf 90' lang='lat' dir='ltr'><strong>proque</strong></span> <span class='ocrx_word' id='word_1_226' title='bbox 1352 3180 1414 3226; x_wconf 91' lang='lat' dir='ltr'><strong>suo</strong></span> <span class='ocrx_word' id='word_1_227' title='bbox 1444 3157 1516 3226; x_wconf 84' lang='lat' dir='ltr'><strong>foro</strong></span> 
     </span>
    </p>
   </div>
   <div class='ocr_carea' id='block_1_8' title="bbox 236 3262 1517 3352">
    <p class='ocr_par' dir='ltr' id='par_1_10' title="bbox 236 3262 1517 3352">
     <span class='ocr_line' id='line_1_28' title="bbox 236 3262 1517 3352; baseline 0 -20"><span class='ocrx_word' id='word_1_228' title='bbox 236 3266 398 3334; x_wconf 87' lang='lat' dir='ltr'><strong>Helicona</strong></span> <span class='ocrx_word' id='word_1_229' title='bbox 421 3265 597 3333; x_wconf 87' lang='lat' dir='ltr'><strong>celebrare&#39;</strong></span> <span class='ocrx_word' id='word_1_230' title='bbox 614 3264 765 3347; x_wconf 83' lang='lat' dir='ltr'><strong>(Martial.</strong></span> <span class='ocrx_word' id='word_1_231' title='bbox 782 3263 881 3351; x_wconf 83' lang='lat' dir='ltr'><strong>epigr.</strong></span> <span class='ocrx_word' id='word_1_232' title='bbox 896 3262 957 3329; x_wconf 92' lang='lat' dir='ltr'><strong>Vll</strong></span> <span class='ocrx_word' id='word_1_233' title='bbox 979 3263 1033 3350; x_wconf 84' lang='grc'><strong>63,</strong></span> <span class='ocrx_word' id='word_1_234' title='bbox 1048 3267 1100 3348; x_wconf 77' lang='lat' dir='ltr'><strong>ill</strong></span> <span class='ocrx_word' id='word_1_235' title='bbox 1125 3265 1234 3352; x_wconf 90' lang='lat' dir='ltr'><strong>coepit</strong></span> <span class='ocrx_word' id='word_1_236' title='bbox 1250 3265 1349 3332; x_wconf 88' lang='lat' dir='ltr'><strong>Silius</strong></span> <span class='ocrx_word' id='word_1_237' title='bbox 1371 3264 1517 3332; x_wconf 86' lang='lat' dir='ltr'><strong>Italicus.</strong></span> 
     </span>
    </p>
   </div>
   <div class='ocr_carea' id='block_1_9' title="bbox 236 3511 1519 4382">
    <p class='ocr_par' dir='ltr' id='par_1_11' title="bbox 237 3511 1518 3854">
     <span class='ocr_line' id='line_1_29' title="bbox 344 3511 1518 3585; baseline 0.002 -17"><span class='ocrx_word' id='word_1_238' title='bbox 344 3515 363 3584; x_wconf 88' lang='lat'><strong>¹)</strong></span> <span class='ocrx_word' id='word_1_239' title='bbox 382 3515 527 3585; x_wconf 83' lang='lat' dir='ltr'><strong>Leguntur</strong></span> <span class='ocrx_word' id='word_1_240' title='bbox 544 3512 621 3584; x_wconf 84' lang='lat' dir='ltr'><strong>apud</strong></span> <span class='ocrx_word' id='word_1_241' title='bbox 639 3512 761 3568; x_wconf 90' lang='lat' dir='ltr'><strong>Plinium</strong></span> <span class='ocrx_word' id='word_1_242' title='bbox 778 3513 796 3568; x_wconf 89' lang='lat' dir='ltr'><strong>l.</strong></span> <span class='ocrx_word' id='word_1_243' title='bbox 815 3529 837 3568; x_wconf 90' lang='lat' dir='ltr'><strong>s.</strong></span> <span class='ocrx_word' id='word_1_244' title='bbox 856 3512 939 3568; x_wconf 88' lang='lat' dir='ltr'><strong>haec:</strong></span> <span class='ocrx_word' id='word_1_245' title='bbox 968 3511 1098 3568; x_wconf 82' lang='lat' dir='ltr'><strong>‘multum</strong></span> <span class='ocrx_word' id='word_1_246' title='bbox 1116 3514 1219 3584; x_wconf 92' lang='lat' dir='ltr'><strong>ubique</strong></span> <span class='ocrx_word' id='word_1_247' title='bbox 1238 3514 1377 3580; x_wconf 88' lang='lat' dir='ltr'><strong>librorum,</strong></span> <span class='ocrx_word' id='word_1_248' title='bbox 1398 3515 1518 3570; x_wconf 86' lang='lat' dir='ltr'><strong>multum</strong></span> 
     </span>
     <span class='ocr_line' id='line_1_30' title="bbox 237 3600 1517 3674; baseline -0.002 -14"><span class='ocrx_word' id='word_1_249' title='bbox 237 3608 404 3670; x_wconf 82' lang='lat' dir='ltr'><strong>statuarum,</strong></span> <span class='ocrx_word' id='word_1_250' title='bbox 433 3603 554 3658; x_wconf 91' lang='lat' dir='ltr'><strong>multum</strong></span> <span class='ocrx_word' id='word_1_251' title='bbox 571 3601 735 3672; x_wconf 81' lang='lat' dir='ltr'><strong>imaginum,</strong></span> <span class='ocrx_word' id='word_1_252' title='bbox 755 3616 825 3674; x_wconf 86' lang='lat' dir='ltr'><strong>quas</strong></span> <span class='ocrx_word' id='word_1_253' title='bbox 844 3618 902 3656; x_wconf 91' lang='lat' dir='ltr'><strong>non</strong></span> <span class='ocrx_word' id='word_1_254' title='bbox 921 3601 1049 3657; x_wconf 84' lang='lat' dir='ltr'><strong>habebat</strong></span> <span class='ocrx_word' id='word_1_255' title='bbox 1066 3600 1159 3668; x_wconf 85' lang='lat' dir='ltr'><strong>modo,</strong></span> <span class='ocrx_word' id='word_1_256' title='bbox 1178 3618 1277 3658; x_wconf 86' lang='lat' dir='ltr'><strong>uerum</strong></span> <span class='ocrx_word' id='word_1_257' title='bbox 1295 3603 1383 3658; x_wconf 89' lang='lat' dir='ltr'><strong>etiam</strong></span> <span class='ocrx_word' id='word_1_258' title='bbox 1402 3620 1517 3659; x_wconf 85' lang='lat' dir='ltr'><strong>uenera-</strong></span> 
     </span>
     <span class='ocr_line' id='line_1_31' title="bbox 237 3689 1516 3762; baseline -0.002 -12"><span class='ocrx_word' id='word_1_259' title='bbox 237 3695 328 3760; x_wconf 85' lang='lat' dir='ltr'><strong>batnr,</strong></span> <span class='ocrx_word' id='word_1_260' title='bbox 347 3692 462 3762; x_wconf 81' lang='lat' dir='ltr'><strong>Vergilii</strong></span> <span class='ocrx_word' id='word_1_261' title='bbox 486 3694 555 3746; x_wconf 86' lang='lat' dir='ltr'><strong>ante</strong></span> <span class='ocrx_word' id='word_1_262' title='bbox 579 3707 686 3756; x_wconf 85' lang='lat' dir='ltr'><strong>omnes,</strong></span> <span class='ocrx_word' id='word_1_263' title='bbox 712 3690 791 3745; x_wconf 83' lang='lat' dir='ltr'><strong>cuius</strong></span> <span class='ocrx_word' id='word_1_264' title='bbox 816 3690 943 3745; x_wconf 84' lang='lat' dir='ltr'><strong>natalem</strong></span> <span class='ocrx_word' id='word_1_265' title='bbox 967 3689 1125 3760; x_wconf 86' lang='lat' dir='ltr'><strong>religiosius</strong></span> <span class='ocrx_word' id='word_1_266' title='bbox 1144 3706 1229 3762; x_wconf 85' lang='lat' dir='ltr'><strong>quam</strong></span> <span class='ocrx_word' id='word_1_267' title='bbox 1246 3708 1327 3747; x_wconf 84' lang='lat' dir='ltr'><strong>suam</strong></span> <span class='ocrx_word' id='word_1_268' title='bbox 1346 3691 1516 3758; x_wconf 81' lang='lat' dir='ltr'><strong>celebrabat,</strong></span> 
     </span>
     <span class='ocr_line' id='line_1_32' title="bbox 237 3777 1322 3854; baseline -0.002 -18"><span class='ocrx_word' id='word_1_269' title='bbox 237 3781 357 3854; x_wconf 84' lang='lat' dir='ltr'><strong>Neapoli</strong></span> <span class='ocrx_word' id='word_1_270' title='bbox 375 3781 504 3846; x_wconf 88' lang='lat' dir='ltr'><strong>maxime,</strong></span> <span class='ocrx_word' id='word_1_271' title='bbox 523 3779 571 3835; x_wconf 92' lang='lat' dir='ltr'><strong>ubi</strong></span> <span class='ocrx_word' id='word_1_272' title='bbox 589 3778 792 3834; x_wconf 87' lang='lat' dir='ltr'><strong>monimentum</strong></span> <span class='ocrx_word' id='word_1_273' title='bbox 812 3777 873 3834; x_wconf 88' lang='lat' dir='ltr'><strong>eius</strong></span> <span class='ocrx_word' id='word_1_274' title='bbox 891 3778 969 3833; x_wconf 85' lang='lat' dir='ltr'><strong>adire</strong></span> <span class='ocrx_word' id='word_1_275' title='bbox 988 3781 1022 3833; x_wconf 91' lang='lat' dir='ltr'><strong>ut</strong></span> <span class='ocrx_word' id='word_1_276' title='bbox 1039 3780 1175 3850; x_wconf 69' lang='lat' dir='ltr'><strong>templem</strong></span> <span class='ocrx_word' id='word_1_277' title='bbox 1193 3778 1322 3836; x_wconf 67' lang='lat' dir='ltr'><strong>solebat?</strong></span> 
     </span>
    </p>

    <p class='ocr_par' dir='ltr' id='par_1_12' title="bbox 236 3861 1518 4205">
     <span class='ocr_line' id='line_1_33' title="bbox 345 3861 1517 3940; baseline 0 -19"><span class='ocrx_word' id='word_1_278' title='bbox 345 3869 365 3938; x_wconf 73' lang='lat'><strong>²)</strong></span> <span class='ocrx_word' id='word_1_279' title='bbox 383 3872 448 3925; x_wconf 82' lang='grc' dir='ltr'><strong>Πῶς</strong></span> <span class='ocrx_word' id='word_1_280' title='bbox 472 3867 556 3935; x_wconf 75' lang='grc' dir='ltr'><strong><em>ἔχουσι</em></strong></span> <span class='ocrx_word' id='word_1_281' title='bbox 574 3866 703 3936; x_wconf 70' lang='grc' dir='ltr'><strong><em>Ῥωμαῖοι</em></strong></span> <span class='ocrx_word' id='word_1_282' title='bbox 726 3864 794 3938; x_wconf 75' lang='grc' dir='ltr'><strong><em>πρὸς</em></strong></span> <span class='ocrx_word' id='word_1_283' title='bbox 820 3861 977 3935; x_wconf 70' lang='grc' dir='ltr'><strong><em>φιλοσόφους</em></strong></span> <span class='ocrx_word' id='word_1_284' title='bbox 1001 3870 1034 3919; x_wconf 74' lang='grc' dir='ltr'><strong>ἂν</strong></span> <span class='ocrx_word' id='word_1_285' title='bbox 1060 3865 1141 3940; x_wconf 77' lang='grc' dir='ltr'><strong><em>θέλῃς</em></strong></span> <span class='ocrx_word' id='word_1_286' title='bbox 1164 3872 1270 3939; x_wconf 73' lang='grc' dir='ltr'><strong>γνῶναι,</strong></span> <span class='ocrx_word' id='word_1_287' title='bbox 1297 3869 1415 3923; x_wconf 72' lang='grc' dir='ltr'><strong><em>ἄκουσον.</em></strong></span> <span class='ocrx_word' id='word_1_288' title='bbox 1446 3867 1517 3922; x_wconf 79' lang='grc' dir='ltr'><strong><em>Ἰτο-</em></strong></span> 
     </span>
     <span class='ocr_line' id='line_1_34' title="bbox 236 3942 1518 4027; baseline -0.002 -16"><span class='ocrx_word' id='word_1_289' title='bbox 236 3956 308 4015; x_wconf 65' lang='lat' dir='ltr'><strong>aaa</strong></span> <span class='ocrx_word' id='word_1_290' title='bbox 325 3957 340 4010; x_wconf 84' lang='grc' dir='ltr'>ὁ</span> <span class='ocrx_word' id='word_1_291' title='bbox 358 3954 474 4026; x_wconf 77' lang='grc' dir='ltr'><strong><em>μάλιστα</em></strong></span> <span class='ocrx_word' id='word_1_292' title='bbox 499 3953 583 4010; x_wconf 76' lang='grc' dir='ltr'><strong><em>δοκῶν</em></strong></span> <span class='ocrx_word' id='word_1_293' title='bbox 607 3956 694 4008; x_wconf 70' lang='grc' dir='ltr'><strong><em>αὐτῶν</em></strong></span> <span class='ocrx_word' id='word_1_294' title='bbox 719 3952 862 4024; x_wconf 75' lang='grc' dir='ltr'><strong><em>φιλόσοφος</em></strong></span> <span class='ocrx_word' id='word_1_295' title='bbox 885 3949 953 4007; x_wconf 80' lang='grc' dir='ltr'><strong><em>εἶναι</em></strong></span> <span class='ocrx_word' id='word_1_296' title='bbox 975 3953 1108 4027; x_wconf 74' lang='grc' dir='ltr'><strong>παρόντος</strong></span> <span class='ocrx_word' id='word_1_297' title='bbox 1131 3958 1198 4010; x_wconf 81' lang='grc' dir='ltr'><strong><em>ποτέ</em></strong></span> <span class='ocrx_word' id='word_1_298' title='bbox 1217 3976 1269 4025; x_wconf 82' lang='grc' dir='ltr'><strong>μου</strong></span> <span class='ocrx_word' id='word_1_299' title='bbox 1292 3942 1439 4024; x_wconf 62' lang='lat' dir='ltr'><strong>putarim</strong></span> <span class='ocrx_word' id='word_1_300' title='bbox 1462 3958 1518 4014; x_wconf 78' lang='grc' dir='ltr'><strong><em>τοῖς</em></strong></span> 
     </span>
     <span class='ocr_line' id='line_1_35' title="bbox 238 4039 1517 4115; baseline 0.001 -16"><span class='ocrx_word' id='word_1_301' title='bbox 238 4041 321 4110; x_wconf 72' lang='grc' dir='ltr'><strong><em>ἰδίοις,</em></strong></span> <span class='ocrx_word' id='word_1_302' title='bbox 340 4046 374 4102; x_wconf 72' lang='grc' dir='ltr'><strong>ὥς</strong></span> <span class='ocrx_word' id='word_1_303' title='bbox 392 4043 520 4113; x_wconf 55' lang='lat' dir='ltr'><strong>&amp;puero</strong></span> <span class='ocrx_word' id='word_1_304' title='bbox 537 4042 652 4110; x_wconf 59' lang='grc' dir='ltr'><strong><em>πάσχων,</em></strong></span> <span class='ocrx_word' id='word_1_305' title='bbox 662 4043 710 4096; x_wconf 78' lang='grc' dir='ltr'><strong>Ὀὔ</strong></span> <span class='ocrx_word' id='word_1_306' title='bbox 722 4039 858 4107; x_wconf 60' lang='grc' dir='ltr'><strong>δύναμαί,</strong></span> <span class='ocrx_word' id='word_1_307' title='bbox 871 4042 929 4112; x_wconf 79' lang='grc' dir='ltr'><strong>ἔφη,</strong></span> <span class='ocrx_word' id='word_1_308' title='bbox 942 4041 1041 4115; x_wconf 72' lang='grc' dir='ltr'><strong>’φέρειν</strong></span> <span class='ocrx_word' id='word_1_309' title='bbox 1054 4061 1061 4077; x_wconf 87' lang='grc'><em>·</em></span> <span class='ocrx_word' id='word_1_310' title='bbox 1072 4042 1201 4098; x_wconf 62' lang='lat' dir='ltr'><strong>cntueri</strong></span> <span class='ocrx_word' id='word_1_311' title='bbox 1213 4065 1254 4109; x_wconf 78' lang='lat' dir='ltr'><strong>us,</strong></span> <span class='ocrx_word' id='word_1_312' title='bbox 1272 4043 1394 4112; x_wconf 71' lang='grc' dir='ltr'><strong><em>ποιήσειέ</em></strong></span> <span class='ocrx_word' id='word_1_313' title='bbox 1410 4066 1445 4115; x_wconf 81' lang='grc' dir='ltr'><strong>με</strong></span> <span class='ocrx_word' id='word_1_314' title='bbox 1462 4066 1517 4100; x_wconf 83' lang='grc' dir='ltr'><strong><em>τοι·</em></strong></span> 
     </span>
     <span class='ocr_line' id='line_1_36' title="bbox 237 4130 651 4205; baseline 0 -17"><span class='ocrx_word' id='word_1_315' title='bbox 237 4141 315 4188; x_wconf 68' lang='lat' dir='ltr'><strong>ebroe</strong></span> <span class='ocrx_word' id='word_1_316' title='bbox 332 4133 473 4205; x_wconf 65' lang='grc' dir='ltr'><strong><em>γενέσθαί,</em></strong></span> <span class='ocrx_word' id='word_1_317' title='bbox 493 4130 578 4198; x_wconf 74' lang='grc' dir='ltr'><strong><em>δείξας</em></strong></span> <span class='ocrx_word' id='word_1_318' title='bbox 596 4131 651 4202; x_wconf 75' lang='grc' dir='ltr'><em>ἐμὲ.</em></span> 
     </span>
    </p>

    <p class='ocr_par' dir='ltr' id='par_1_13' title="bbox 238 4219 1519 4382">
     <span class='ocr_line' id='line_1_37' title="bbox 345 4219 1519 4295; baseline 0.003 -17"><span class='ocrx_word' id='word_1_319' title='bbox 345 4223 365 4293; x_wconf 76' lang='lat'><strong>⁸)</strong></span> <span class='ocrx_word' id='word_1_320' title='bbox 382 4222 455 4279; x_wconf 91' lang='lat' dir='ltr'><strong>Plin.</strong></span> <span class='ocrx_word' id='word_1_321' title='bbox 468 4223 549 4295; x_wconf 88' lang='lat' dir='ltr'><strong>epist.</strong></span> <span class='ocrx_word' id='word_1_322' title='bbox 561 4223 602 4278; x_wconf 92' lang='lat'><strong>111</strong></span> <span class='ocrx_word' id='word_1_323' title='bbox 613 4221 681 4288; x_wconf 80' lang='lat'><strong>7,2:</strong></span> <span class='ocrx_word' id='word_1_324' title='bbox 700 4219 747 4277; x_wconf 87' lang='lat' dir='ltr'><strong>‘cd</strong></span> <span class='ocrx_word' id='word_1_325' title='bbox 765 4223 885 4276; x_wconf 88' lang='lat' dir='ltr'><strong>mortem</strong></span> <span class='ocrx_word' id='word_1_326' title='bbox 903 4221 1085 4278; x_wconf 82' lang='lat' dir='ltr'><strong>inreuocebili</strong></span> <span class='ocrx_word' id='word_1_327' title='bbox 1105 4224 1267 4280; x_wconf 84' lang='lat' dir='ltr'><strong>constantia</strong></span> <span class='ocrx_word' id='word_1_328' title='bbox 1285 4223 1449 4280; x_wconf 87' lang='lat' dir='ltr'><strong>decucurrit’</strong></span> <span class='ocrx_word' id='word_1_329' title='bbox 1468 4227 1519 4295; x_wconf 78' lang='lat' dir='ltr'><strong>(se.</strong></span> 
     </span>
     <span class='ocr_line' id='line_1_38' title="bbox 238 4312 475 4382; baseline -0.013 -13"><span class='ocrx_word' id='word_1_330' title='bbox 238 4313 323 4369; x_wconf 86' lang='lat' dir='ltr'><strong>Silius</strong></span> <span class='ocrx_word' id='word_1_331' title='bbox 342 4312 475 4382; x_wconf 73' lang='lat' dir='ltr'><strong>Italicus).</strong></span> 
     </span>
    </p>
   </div>
   <div class='ocr_carea' id='block_1_10' title="bbox 0 0 1740 5100">
    <p class='ocr_par' dir='ltr' id='par_1_14' title="bbox 0 0 1740 5100">
     <span class='ocr_line' id='line_1_39' title="bbox 0 0 1740 5100; baseline 0 0"><span class='ocrx_word' id='word_1_332' title='bbox 0 0 1740 5100; x_wconf 95' lang='lat' dir='ltr'><strong> </strong></span> 
     </span>
    </p>
   </div>
  </div>
 </body>
</html>
