3458 5100
799 343 1000 407 ..8.-

122 529 143 536 “’
257 518 316 583 σὺν
338 526 385 602 τῷ
400 518 589 602 Μουσωνίῳ
607 557 647 565 -
665 519 829 586 scriberet.
865 519 960 601 Quod
983 521 1011 586 si
1034 539 1265 608 comparamus
1290 545 1365 590 cum
1389 524 1437 591 eis
1454 547 1540 612 quae

249 623 323 690 -hac
355 623 395 690 de
425 646 461 690 re
491 624 702 710 protulerunt
725 623 860 692 Cassius
883 626 945 693 Dio
976 629 1078 714 atque
1102 628 1335 716 Hieronymus,
1367 631 1441 698 fieri
1472 653 1541 698 non

258 733 372 818 potest
387 731 468 818 quin
492 752 608 797 eorum
631 733 831 799 auctoritate
855 733 909 798 usi
924 753 946 798 a
960 755 1041 800 uero
1065 735 1239 802 aberrasse
1252 735 1389 803 Suidam
1413 739 1539 805 consti·

257 842 406 922 tuamus,
431 839 591 925 quoniam
613 838 729 906 exsilio
753 838 918 906 multatus
943 843 996 906 est
1018 839 1192 908 Oomutus.
1238 845 1286 912 At
1316 846 1429 911 omnia
1450 850 1540 912 recte

257 945 442 1030 profluunt,
475 946 503 1011 si
532 945 697 1012 uocabulo
729 949 907 1031 ἀναιρεθείς
930 947 1112 1030 significari
1134 949 1297 1034 exsilium,
1322 973 1390 1018 non
1413 972 1538 1035 necem,

259 1051 448 1138 accipimus.
494 1051 564 1120 Neo
594 1051 742 1139 profecto
774 1053 913 1120 deerant
944 1055 1000 1141 qui
1032 1075 1107 1121 cum
1140 1055 1294 1124 Reimaro
1325 1057 1369 1123 ad
1399 1058 1539 1126 Dionem

258 1158 347 1224 LXII
362 1159 404 1224 27
429 1158 487 1242 (VI
509 1182 539 1246 p.
554 1158 621 1227 469
645 1160 694 1226 ed.
718 1159 826 1242 Stura
851 1163 886 1226 et
909 1159 945 1228 Ο.
960 1161 1077 1228 Iahnio
1099 1163 1134 1227 in
1157 1162 1263 1229 Persii
1286 1163 1441 1231 editionis
1464 1186 1539 1251 pro-

250 1264 343 1349 legg.
365 1287 396 1352 p.
414 1265 446 1331 X
468 1265 532 1333 hoo
555 1267 653 1332 modo
677 1267 713 1332 in
736 1287 833 1333 suam
857 1268 1063 1336 sententiam
1085 1272 1321 1336 conuerterant
1343 1292 1413 1338 rem
1436 1275 1539 1359 atque

257 1374 293 1439 in
324 1372 479 1439 exsilium
508 1373 664 1440 mittendi
693 1373 764 1440 uim
793 1373 1004 1441 uindicarent
1033 1398 1065 1442 u.
1089 1379 1234 1461 ἀναιρεῖν.
1281 1375 1404 1444 Contra
1435 1377 1538 1444 Bern-

258 1480 366 1566 hardy
387 1481 423 1545 in
447 1478 570 1547 Suidae
593 1480 739 1547 editione
762 1502 787 1547 s.
810 1502 841 1547 u.
865 1483 1062 1554 Μουσώνιος
1084 1484 1119 1548 in
1141 1482 1360 1550 adnotatione
1384 1488 1420 1551 et
1435 1485 1540 1552 Zeller

256 1585 278 1652 l.
302 1608 328 1653 s.
351 1587 395 1652 III
421 1587 456 1652 l8
477 1607 507 1673 p.
531 1587 597 1654 689
620 1589 654 1653 in
678 1587 896 1655 adnotatione
920 1609 989 1655 non
1011 1589 1076 1655 nisi
1098 1589 1319 1656 interficiendi
1342 1591 1538 1674 significati-

258 1713 358 1759 onem
381 1693 613 1780 premebant.²)
652 1693 718 1761 Sed
741 1697 930 1782 quicunque
952 1697 1094 1783 priorem
1117 1697 1302 1763 tuebantur
1325 1699 1537 1781 sententiam,

258 1803 457 1884 argumento
488 1801 672 1890 utebantur
703 1801 826 1869 Suidae
857 1803 969 1868 uerbis
1000 1825 1024 1870 s,
1056 1824 1087 1869 u.
1110 1805 1314 1880 Μουσώνιος,
1345 1805 1404 1870 ubi
1433 1806 1539 1891 priore

257 1907 330 1974 loco
353 1907 489 1992 legitur:
519 1909 570 1974 διὰ
593 1917 671 1992 γοῦν
693 1911 750 1994 τὴν
772 1912 951 1995 παῤῥησίαν
975 1912 1029 1975 καλ
1050 1911 1086 1974 τὸ
1109 1912 1285 1994 ἐλεγκτικὸν
1308 1913 1418 1976 καὶτὸ
1441 1915 1538 1997 ὑπερ-

256 2017 375 2100 βάλλον
397 2023 452 2099 τῆς
475 2017 656 2101 ἐλευθερίας
670 2017 735 2081 ὑπὸ
744 2017 901 2101 Νέρωνος
916 2019 1136 2102 ἀναιρεῖται,
1152 2019 1335 2105 posteriore
1359 2022 1474 2085 autem
1497 2039 1539 2084 ex

259 2121 406 2208 quadam
427 2122 637 2210 imperatoris
659 2122 780 2190 Iuliani
802 2123 948 2210 epistula
956 2125 980 2207 λ)
1002 2123 1198 2211 deprompta
1221 2128 1397 2191 occurrunt
1418 2126 1538 2191 uerba:

257 2231 412 2313 φεύγειν
434 2231 531 2296 αὐτὸν
546 2233 688 2296 ἐπέταττε
699 2231 819 2316 Νέρων
826 2258 838 2310 ;
854 2231 975 2318 quibus
1000 2252 1042 2297 ex
1057 2232 1169 2297 uerbis
1185 2253 1253 2318 qua
1275 2231 1404 2298 ratione
1417 2229 1538 2298 Suidas

259 2339 428 2422 ἀναιρεῖται
458 2357 576 2404 uocem
605 2337 807 2404 intellexerit
828 2341 944 2424 patere
966 2337 1014 2403 illi
1037 2337 1219 2404 affirmant.
1266 2339 1376 2425 Atque
1399 2360 1434 2405 re
1457 2359 1539 2404 uera

258 2443 432 2510 Musonius
460 2443 634 2511 aNerone
658 2466 676 2510 e
700 2446 811 2531 patria
841 2445 967 2511 eiectus
998 2447 1060 2530 est,
1092 2444 1181 2531 quod
1212 2444 1365 2511 uidemus
1394 2445 1538 2511 eTacit.

258 2549 369 2616 annal.
392 2548 455 2614 XV
478 2550 532 2635 71,
565 2549 655 2617 (lass
686 2551 781 2617 Dion.
813 2551 900 2617 LXII
923 2551 976 2634 27,
1008 2551 1162 2617 Philostr.
1192 2553 1251 2618 uit.
1282 2551 1388 2638 Apoll.
1412 2550 1472 2616 Vll
1496 2551 1538 2617 16

256 2678 287 2744 p.
311 2657 386 2740 271,
411 2657 455 2722 28
478 2656 596 2744 Kays,
629 2659 784 2736 attamen¹
811 2658 1001 2741 infringitur
1024 2658 1323 2741 argumentationis
1355 2658 1539 2725 auctoritas

257 2784 377 2850 parum
408 2763 560 2830 stabilita
582 2765 689 2830 hisce:
721 2763 825 2851 quid?
849 2764 939 2851 quod
960 2764 1025 2831 hoc
1055 2785 1186 2852 quoque
1210 2765 1281 2831 loco
1305 2764 1349 2830 ad
1371 2765 1537 2831 inscitiam

258 2870 315 2937 uel
336 2871 498 2938 incuriam
522 2870 655 2955 Suidae,
679 2893 747 2958 qua
768 2855 998 2957 perturbatam
1021 2892 1091 2938 rem
1115 2893 1217 2958 supra
1239 2871 1394 2954 uidimuS,
1421 2871 1538 2938 decur-

258 2998 330 3044 rere
361 2981 464 3065 atque
495 2979 606 3044 animo
638 2979 749 3044 minus
781 2981 914 3045 attento
937 3000 990 3045 res
1014 2979 1142 3045 alienas
1166 2979 1263 3045 iuxta
1286 3000 1363 3045 eum
1385 2979 1537 3065 posuisse

257 3088 405 3152 statuere
436 3084 540 3152 licet?
587 3070 680 3166 Quod
717 3086 745 3151 si
779 3086 959 3172 accipimus
994 3108 1037 3153 ne
1071 3086 1210 3152 nimium
1246 3086 1462 3172 decerpamus
1497 3084 1537 3152 de

259 3190 383 3258 Suidaa
406 3192 517 3259 indole
541 3195 675 3261 minime
699 3196 754 3260 est
775 3192 969 3260 uerendum.
1015 3194 1214 3280 Ceteroquin
1245 3213 1287 3259 ex
1310 3214 1378 3259 uno
1402 3191 1538 3259 eodem-

260 3319 326 3384 que
360 3298 455 3366 fonte
488 3299 528 3366 de
563 3300 708 3368 Cornuto
744 3304 779 3368 et
809 3300 972 3385 Musonio,
1008 3305 1126 3388 utpote
1161 3302 1217 3387 qui
1249 3321 1274 3365 s.
1298 3322 1329 3365 u.
1353 3301 1538 3385 Κορνοῦτος

172 3434 175 3441 ·
259 3405 402 3471 alterum
426 3407 551 3472 socium
575 3407 739 3474 malorum
762 3407 900 3474 alterius
922 3408 1156 3490 nominauerit,
1174 3407 1368 3472 memoriam
1382 3406 1537 3472 hausisse

256 3510 399 3580 uidetur.
434 3512 527 3594 Quae
552 3534 627 3580 cum
648 3515 699 3580 ita
722 3515 790 3581 sint
802 3515 940 3582 Suidam
963 3537 998 3581 re
1021 3535 1104 3580 uera
1127 3514 1168 3579 de
1184 3513 1328 3580 Cornuto
1351 3512 1537 3596 interfecte,

257 3640 326 3686 non
349 3620 389 3687 de
413 3621 529 3687 exsilio
552 3620 740 3708 philosophi
763 3622 928 3706 cogitasse
953 3622 1160 3687 arbitramur.
1200 3619 1295 3700 Quod
1318 3619 1347 3686 si
1370 3619 1445 3706 quis
1460 3619 1538 3684 hinc

256 3728 405 3794 nondum
419 3728 549 3818 confici
563 3748 662 3814 posse
686 3732 852 3813 autumat,
876 3728 906 3793 is
930 3727 1181 3793 animaduertat
1204 3747 1279 3793 oum
1302 3726 1442 3792 aliorum
1464 3729 1537 3792 tum

366 3979 385 4047 ²)
404 3979 499 4034 Osann
518 3978 536 4032 l.
555 3996 577 4034 s.
596 3996 623 4049 p.
636 3979 711 4032 XXII
730 3978 795 4033 adn.
820 3981 968 4049 utramque
993 3976 1210 4048 eprIcationem
1235 3975 1416 4046 amplectitur
1439 3975 1481 4028 lta
1505 3978 1538 4028 ut

257 4065 422 4122 ‘Cornutum
440 4068 519 4122 iussu
528 4067 647 4122 Neronis
665 4067 693 4121 in
714 4067 827 4122 exilium
846 4066 930 4122 iuisse
949 4082 1068 4137 eumque
1088 4065 1127 4120 ibi
1146 4064 1310 4120 defunctum
1329 4061 1399 4118 esse’
1418 4065 1537 4128 statuat,

258 4154 309 4210 ‘ita
327 4163 367 4221 ut,
394 4172 457 4211 cum
482 4157 594 4212 exilium
619 4157 717 4212 mortis
740 4173 827 4212 causa
852 4155 988 4227 appellari
1006 4155 1106 4226 possit,
1130 4154 1269 4209 Cornutus
1294 4153 1501 4224 quodammodo
1515 4169 1538 4209 a

258 4245 370 4302 Nerone
388 4245 574 4318 interemptus
592 4262 655 4302 esse
673 4248 750 4301 recte
769 4244 896 4301 meacm?

364 4335 383 4405 ²)
403 4334 483 4390 Hanc
501 4335 660 4407 epistulam,
681 4331 807 4406 Θεοδώρῳ
820 4334 936 4406 ἀρχιερεῖ
950 4334 1074 4400 missam,
1094 4334 1177 4404 plene
1190 4332 1279 4388 edidit
1290 4334 1323 4386 A.
1336 4331 1537 4402 Papadopulos

259 4425 422 4488 Kerameus,
441 4440 512 4478 mue.
526 4423 618 4480 Rhen.
630 4424 704 4479 xnn
723 4424 811 4494 (1887)
831 4441 857 4495 p.
869 4423 917 4491 24;
943 4423 978 4479 cf.
998 4423 1064 4480 ibid.
1082 4439 1110 4495 p.
1123 4422 1159 4477 26
1168 4439 1225 4494 seq.
1245 4451 1278 4460 —
1298 4421 1422 4475 Iulianus
1441 4419 1494 4490 frg.
1512 4417 1538 4488 γ’

258 4531 284 4584 p.
297 4513 352 4568 608
369 4513 502 4570 Hertlein.
521 4544 555 4552 -
574 4514 619 4569 W.
633 4513 775 4582 Schwarz,
804 4513 839 4568 de
867 4513 928 4568 uita
956 4517 984 4568 et
1012 4512 1123 4584 scriptis
1141 4511 1241 4567 Iuliani
1266 4509 1443 4580 imperciens
1461 4508 1536 4578 (diss.

257 4603 375 4658 Bonnae
389 4603 466 4673 1888)
485 4620 512 4675 p.
526 4601 629 4675 30seq.
656 4595 701 4658 rr.
714 4604 843 4670 dumont,
863 4603 977 4658 Recueil
997 4603 1031 4658 de
1049 4606 1171 4656 travaux
1183 4597 1292 4671 publies
1311 4615 1362 4669 par
1379 4598 1408 4653 la
1420 4597 1537 4652 Faculte

257 4693 292 4747 de
309 4691 487 4764 philosophie
506 4696 535 4748 et
552 4693 658 4758 lettres
669 4692 750 4748 Gand
770 4693 848 4759 1888,
866 4693 904 4748 30
917 4692 988 4748 fasc.
1007 4709 1033 4763 p.
1044 4691 1077 4746 21
1099 4692 1164 4747 adn.
