3458 5100
727 1037 924 1149 Vita.

297 1381 418 1436 loannes
435 1377 611 1434 Harmannus
629 1377 811 1433 Rudolius
829 1377 963 1449 Reppc
986 1376 1136 1433 Misnensis
1155 1380 1239 1433 natus
1257 1394 1321 1434 sum
1338 1377 1410 1449 prid.
1429 1378 1473 1435 ld.

191 1470 271 1526 Febr.
290 1465 545 1525 allucccuxxx
562 1468 644 1538 patre
656 1466 825 1531 Hermanno,
845 1468 937 1521 matra
948 1467 1078 1538 Augusta
1096 1482 1113 1521 e
1130 1469 1216 1537 gente
1226 1466 1363 1533 Dietrich,
1384 1484 1471 1538 quam

192 1561 369 1630 praematura
386 1559 477 1612 morte
495 1555 600 1612 abhinc
618 1558 677 1611 tres
695 1571 787 1611 annos
805 1555 875 1610 mihi
892 1555 1040 1628 abreptam
1058 1572 1120 1611 esse
1140 1556 1226 1611 ualde
1244 1555 1336 1612 doleo.
1372 1556 1470 1612 Fidem

192 1645 329 1718 proliteor
354 1644 470 1700 liutheri
498 1644 702 1716 euangelicam.
746 1643 848 1700 Primis
875 1643 1033 1699 litterarum
1064 1644 1210 1700 elementis
1238 1644 1393 1700 instructus
1420 1661 1473 1716 per

192 1734 316 1807 quinque
341 1750 431 1790 annos
458 1733 610 1805 discipulus
638 1732 680 1789 lui
709 1733 874 1789 Dresdensis
902 1731 1017 1789 scholae
1039 1732 1237 1790 Ehrlichiauae
1264 1749 1375 1806 semper
1402 1733 1470 1788 mihi

193 1823 363 1880 carissimae.
398 1822 448 1879 Cui
467 1825 604 1894 quantum
624 1822 749 1888 debeam,
770 1821 902 1895 quoniam
921 1822 1048 1894 egregria
1066 1824 1153 1893 atquc
1170 1821 1277 1878 liberali
1294 1822 1368 1878 illius
1388 1822 1472 1879 disci·

192 1911 270 1983 plina
289 1915 369 1968 totus
394 1911 471 1968 uitae
489 1928 570 1968 meae
588 1927 687 1967 cursus
706 1913 878 1968 constitutus
896 1914 949 1977 cst,
974 1928 1119 1982 nunquam
1138 1912 1296 1969 obliuiscar.
1335 1911 1471 1969 Necnon

191 2001 332 2071 gymnasii
348 1999 523 2066 Wettiniani,
549 2001 625 2072 quod
643 2000 729 2056 floret
747 2002 853 2057 Ottone
871 2001 1006 2057 Meltaero
1029 2003 1146 2066 rectore,
1174 2016 1238 2056 cum
1262 2001 1315 2072 ipsi
1340 2000 1471 2072 regnanti

192 2091 253 2143 turn
271 2089 462 2144 illustrissimis
486 2089 553 2144 uiris
577 2089 668 2144 doctis
687 2089 733 2160 qui
751 2090 852 2146 litteris
874 2106 920 2145 me
942 2089 1125 2146 instituerunt
1147 2089 1214 2145 inde
1231 2105 1249 2143 a
1267 2106 1334 2145 uere
1352 2106 1378 2145 a.
1397 2089 1473 2145 XCV

193 2194 281 2250 usque
298 2178 335 2233 ad
347 2194 373 2234 a.
387 2177 466 2235 MGM
477 2184 589 2247 gratum
601 2181 738 2249 perpetuo
751 2177 907 2250 profitebor
924 2178 1058 2235 animum.
1084 2177 1158 2233 Vere
1169 2194 1195 2232 a.
1208 2177 1287 2234 Moli
1299 2177 1474 2234 maturitatis

193 2265 386 2322 testimonium
413 2269 580 2322 consecutus
604 2266 730 2338 Lipsiam
757 2266 884 2337 migraui,
912 2269 945 2322 ut
971 2267 1074 2322 studiis
1096 2265 1247 2338 philologis
1274 2268 1304 2323 st
1328 2266 1473 2322 historicis

193 2371 308 2426 operam
330 2371 473 2412 nauarem.
514 2356 556 2411 Ac
581 2355 737 2411 docuerunt
761 2372 806 2411 mc
833 2356 887 2410 uiri
912 2355 1105 2430 humanissimi
1124 2355 1280 2427 Berger(†l,
1299 2355 1469 2426 Brugmann,

193 2442 349 2509 Buchholu,
380 2443 485 2510 Fricke,
511 2443 629 2508 Heinue,
654 2444 793 2510 Immisch,
819 2445 985 2517 lungmann,
1012 2445 1124 2510 Kaerst,
1152 2444 1263 2509 detsr,
1290 2442 1472 2515 Lamprcoht,

192 2531 311 2603 Lipsius,
330 2533 416 2599 Marx,
437 2533 593 2599 Schneiber,
613 2534 744 2605 Scaliger,
764 2534 944 2602 Studniozka,
963 2532 1161 2599 Wachsmuth,
1179 2532 1335 2599 Windisch,
1353 2532 1470 2588 Wundt.

193 2621 349 2694 Postquam
367 2623 558 2694 proseminarii
575 2623 712 2694 philologi
732 2623 979 2679 exercitationibus
991 2621 1152 2679 Immischio
1170 2622 1335 2678 moderante
1352 2638 1403 2693 per
1415 2621 1473 2676 duo

193 2711 340 2766 semestris
352 2711 475 2778 interlui,
495 2712 598 2768 eximia
609 2712 702 2783 hipsii,
719 2711 827 2778 Marxii,
839 2711 1050 2767 Wachsmuthii
1061 2710 1236 2782 benignitate
1247 2711 1276 2766 in
1289 2710 1470 2766 seminarium

194 2799 368 2870 philologum
389 2804 519 2872 receptus
545 2817 616 2867 sum,
642 2802 721 2856 cuius
739 2817 790 2872 per
807 2801 863 2856 tria
881 2800 1028 2856 semestris
1046 2799 1202 2856 ordinarius
1219 2800 1261 2855 iui
1284 2799 1397 2865 sodalis,
1421 2815 1474 2870 per

193 2888 308 2943 tertium
321 2889 422 2944 senior.
449 2890 601 2945 Praeterea
613 2891 768 2946 seminariis
781 2889 915 2946 historico
929 2894 958 2946 et
971 2888 1240 2961 hist-geographico
1254 2890 1286 2944 ut
1299 2889 1474 2944 adscriberer

194 2976 347 3032 liberaliter
359 2982 559 3033 concesserunt
572 2979 726 3050 Bergerltl,
738 2978 893 3044 Buchholz,
903 2979 1012 3044 Kaerst,
1022 2976 1199 3051 Lamprecht,
1213 2978 1344 3049 Scaliger,
1355 2976 1473 3034 Wachs·

194 3065 284 3121 muth.
321 3067 365 3121 Ad
392 3066 622 3136 archaeologicas
650 3067 874 3135 exercitationes,
902 3071 933 3122 et
956 3068 1084 3138 publicas
1112 3069 1142 3122 et
1168 3083 1217 3122 cas
1235 3082 1306 3139 quas
1325 3065 1425 3121 habuit
1442 3064 1473 3120 in
1574 3084 1578 3091 ·

194 3153 342 3210 seminario
360 3155 585 3225 archaeologico,
611 3159 729 3212 comiter
747 3158 857 3213 aditum
881 3157 951 3213 mihi
969 3158 1108 3229 patefecit
1126 3157 1307 3222 Studniczkn,
1334 3156 1371 3212 ad
1389 3155 1472 3211 semi·

194 3243 303 3298 narium
320 3243 541 3315 paedagogicum
562 3245 682 3315 benigne
701 3263 746 3301 mc
765 3247 880 3302 admisit
897 3246 1060 3318 lungmann,
1091 3247 1127 3302 ad
1146 3245 1372 3311 exercitationes,
1399 3261 1470 3316 quas

195 3331 230 3387 de
247 3331 383 3388 Romanis
401 3333 631 3405 inscriptionibus
657 3338 688 3389 et
706 3335 741 3389 de
758 3352 789 3391 re
807 3335 925 3391 metrica
949 3351 1037 3407 nuper
1059 3335 1191 3401 instituit,
1214 3336 1301 3401 Marx,
1327 3334 1364 3390 ad
1383 3334 1473 3391 socie-
1588 3383 1590 3387 .

195 3423 286 3476 tatem
302 3421 440 3478 Graecam
457 3422 576 3494 Lipsius,
605 3424 642 3478 ad
666 3424 791 3495 publicas
819 3424 1035 3480 exercitationes
1063 3424 1292 3492 archaeologicas
1316 3423 1470 3479 Schreiber.

196 3509 304 3564 Deinde
321 3508 436 3564 interlui
460 3511 522 3582 ipse
539 3514 660 3568 famulus
679 3513 918 3584 disputationibus
937 3513 1038 3586 quibus
1060 3517 1188 3569 ueterum
1206 3512 1337 3568 Indorum
1359 3513 1473 3567 litteras

195 3600 282 3670 atque
300 3598 457 3654 doctrinam
476 3601 625 3670 explicauit
642 3602 799 3658 Windisch.

303 3687 406 3754 Quibus
419 3688 548 3743 omnibus
560 3690 626 3746 uiris
639 3690 808 3748 doctissimis
820 3691 927 3762 gratias
940 3691 1031 3747 habeo
1045 3689 1193 3759 maximes;
1213 3690 1363 3762 praecipue
1374 3691 1472 3745 autern

196 3792 261 3831 cum
277 3775 469 3833 Kaerstio
495 3793 570 3833 nunc
588 3779 802 3852 Herbipclitano
828 3786 888 3836 turn
906 3782 933 3836 M
944 3782 1058 3837 arxio
1083 3779 1290 3851 benignissimis
1314 3778 1472 3835 studiorum

195 3881 320 3920 meorum
338 3865 495 3922 fautoribus
513 3882 624 3938 semper
640 3870 717 3940 pium
735 3873 904 3943 gratumque
922 3871 1048 3925 animum
1066 3870 1193 3925 scruabo.

302 3953 428 4025 Berge
438 3954 512 4026 tiit)
526 3973 637 4028 quoquc
649 3958 840 4030 praeceptoris
853 3959 996 4025 carissimi,
1010 3960 1090 4014 cuius
1103 3958 1226 4013 famulus
1239 3958 1289 4025 iui,
1308 3957 1473 4014 memoriam

194 4040 311 4098 adsidue
329 4044 377 4115 pia
394 4046 551 4100 reuerentia
569 4043 673 4101 iouebo
692 4049 779 4118 atquc
798 4048 898 4104 colam.
