3458 5100
763 295 985 363 „35-

234 475 308 558 oris,
336 473 371 540 in
400 472 522 560 quihus
551 476 604 540 θεῖ
628 473 844 540 Cornutus
899 476 1027 543 nosin
1062 475 1187 542 dictum
1220 479 1284 559 θεῖς
1330 497 1410 542 nam
1445 497 1513 542 non

231 581 457 660 Annaeus
483 631 489 647 .
514 631 521 647 .
545 631 551 646 .
597 581 846 667 reprehendunt
899 581 1050 668 uexauit,
1074 582 1134 648 sed
1157 585 1286 650 euertit.
1310 583 1400 671 quod
1418 583 1512 650 Pro·

232 688 331 774 quasi
352 686 517 754 inciuiose
541 690 576 754 et
595 686 751 754 abiecte
767 709 844 754 uer·
900 695 969 754 bus
992 688 1068 758 uult
1090 688 1155 756 hac
1169 689 1300 756 ratione
1323 685 1511 774 defendere,

232 795 315 860 bum
328 795 477 881 positum
491 795 527 860 in
542 793 756 860 hisuersibus
768 790 845 883 (ecl.
901 794 1014 863 dicens
1029 799 1222 864 ‘ucrrasse³
1240 797 1376 862 uenire
1392 797 1440 863 ah
1457 817 1511 879 eo,

232 901 345 970 V175
369 899 479 990 seqq.)
495 951 501 967 .
517 951 549 967 ..
588 899 653 968 Sed
678 900 719 968 de
742 900 845 968 uerbo
901 901 1004 988 quod
1027 905 1089 968 est
1110 903 1242 986 ‘ueho‚
1270 907 1377 986 uecto,
1402 907 1511 985 uexo’,

232 1012 400 1075 ‘uexasse'
439 1010 489 1074 ita
521 1007 713 1094 responderi
746 1028 846 1094 posse
900 1010 941 1074 ut
956 1011 1120 1076 ‘uexasse'
1137 1009 1182 1075 sit
1197 1013 1371 1103 ‘portasse'
1387 1013 1425 1076 et
1440 1011 1513 1075 sine

232 1115 343 1182 credo:
356 1119 522 1182 ‘uexasse'
536 1135 637 1198 graue
645 1115 785 1182 uerbum
794 1118 846 1181 est
901 1114 1002 1181 dubio
1017 1119 1103 1202 ‘pro
1120 1116 1306 1182 arbitrio
1328 1137 1398 1182 suo
1415 1136 1512 1182 euer-

231 1221 463 1309 iactumque
476 1220 845 1307 (tractumqueMaoroh.)
900 1222 1002 1289 tisse?

231 1329 285 1395 ah
329 1350 377 1396 eo
424 1328 573 1412 uidetur,
621 1328 731 1416 quod
778 1332 846 1395 est
1008 1329 1144 1395 Seruius
1175 1332 1296 1396 auctus
1327 1327 1511 1397 adl.s.s.:

231 1435 433 1519 ‘uehere’‚
458 1436 494 1500 in
509 1456 575 1522 quo
590 1437 680 1502 inest
696 1437 763 1502 uis
779 1436 846 1501 iam
900 1439 1065 1503 ‘uexasse’
1091 1439 1143 1503 est
1165 1436 1255 1503 enim
1286 1436 1352 1502 uis
1378 1458 1511 1523 quae-

232 1542 446 1630 quaedam
479 1541 617 1609 alieni
651 1541 845 1627 arbitrii3
901 1541 1512 1628 damalieniarbitrii;nonenim

231 1670 308 1714 non
325 1649 430 1714 enim
446 1653 507 1714 sui
521 1652 664 1734 potens
681 1654 756 1732 est,
780 1648 846 1735 qui
901 1650 963 1715 sui
985 1651 1129 1736 potens
1154 1652 1228 1732 est,
1253 1649 1319 1735 qui
1337 1648 1511 1716 uehitur.

231 1756 422 1823 uehitur.
446 1754 598 1822 ‘Vexare'
615 1758 739 1842 autem,
757 1754 847 1842 quod

195 1851 275 1928 'ex
303 1883 341 1929 eo
369 1862 607 1929 inclinatum
634 1865 700 1946 est,
729 1864 764 1928 ui
790 1865 844 1929 at·
900 1862 986 1929 bene
1032 1883 1109 1946 ergo
1155 1861 1392 1928 inclinatum
1436 1883 1512 1928 uer-

232 1991 298 2056 que
321 1971 416 2036 motu
438 1969 553 2056 procul
575 1968 676 2036 dubio
700 1971 845 2037 uastior-
901 1969 982 2035 hum
1005 1971 1070 2053 est3

232 2082 293 2143 est.
331 2077 427 2144 Nam
448 2076 514 2164 qui
537 2076 664 2143 fertur
687 2080 726 2144 et
753 2097 845 2163 rap·
901 2096 989 2143 nam
1017 2076 1083 2163 qui
1109 2074 1238 2142 fertur
1266 2078 1305 2142 et
1326 2077 1512 2162 raptatur

232 2186 345 2251 satur
368 2186 488 2270 atque
512 2183 587 2251 huc
607 2187 727 2270 atque
750 2183 846 2250 illuc
901 2185 940 2249 et
959 2182 1035 2250 huc
1057 2186 1177 2270 atque
1200 2181 1297 2248 illuc
1320 2181 1511 2249 distrahi-

231 2289 513 2377 distrahitur‚
530 2291 564 2357 is
579 2290 739 2358 ‘uexari'
756 2311 845 2378 pro·
899 2293 978 2374 tur,
995 2291 1163 2356 ‘uexari’
1179 2289 1334 2376 proprie
1359 2287 1511 2354 dicitur.

167 2453 169 2458 ,
231 2398 313 2482 prie
329 2397 484 2464 dicitur.
501 2401 699 2485 (sequuntur
714 2396 846 2482 singula
900 2400 1098 2484 (sequuntur
1126 2394 1215 2462 idem
1242 2395 1379 2463 causis
1410 2399 1511 2481 atque

230 2503 370 2570 daconis
394 2508 429 2570 et
446 2504 611 2571 Ciceronis
628 2505 800 2591 exempla).
899 2503 967 2570 duo
991 2503 1154 2570 Ciceronis
1178 2501 1350 2588 exempla.)

338 2609 431 2676 Haec
468 2612 534 2676 tria
566 2611 761 2678 testimonia
794 2631 863 2677 non
896 2613 1040 2697 possunt
1073 2630 1142 2675 non
1178 2608 1293 2674 referri
1330 2608 1375 2674 ad
1406 2621 1510 2672 unum

231 2715 441 2803 eundemque
469 2720 648 2800 auctorem,
672 2737 771 2804 quem
787 2714 924 2800 Vergilii
939 2716 1043 2783 uerba
1058 2713 1247 2782 defendisse
1263 2715 1410 2802 apparet.
1446 2712 1510 2780 Sed

230 2822 347 2908 quaeri
370 2822 492 2889 saltem
514 2823 636 2908 licebit,
660 2844 742 2890 num
764 2822 851 2889 forte
874 2825 1049 2889 auctorum
1068 2820 1271 2916 scholiorum
1295 2822 1433 2907 scriptor
1448 2820 1511 2887 hoc

231 2929 303 2998 loco
320 2930 531 3016 exscripserit
542 2929 686 2997 Gellium
700 2930 756 2997 uel
770 2928 987 3013 Macrobium‚
1011 2929 1210 3015 quibuscum
1225 2927 1269 2994 ad
1284 2929 1424 2995 uerbum
1439 2926 1509 2993 iere

232 3038 407 3104 consent't.
454 3036 519 3104 Sed
549 3036 711 3124 ampliora
741 3058 817 3103 cum
845 3036 1021 3123 protulerit
1042 3034 1240 3102 Danielinus
1270 3055 1369 3121 quem
1395 3031 1512 3100 dicunt

232 3142 416 3209 scholiasta
431 3143 568 3211 Catonis
583 3147 685 3232 atque
701 3143 866 3211 Ciceronis
890 3142 1043 3230 exempla
1065 3143 1179 3229 eisque
1203 3140 1367 3208 addiderit
1390 3161 1510 3206 secun-

232 3248 312 3314 dum
335 3249 523 3337 exemplum
547 3273 590 3318 ex
612 3250 775 3319 Ciceronis
798 3249 946 3316 Verrinis
970 3253 1150 3336 sumptum,
1183 3247 1272 3335 quod
1302 3247 1398 3314 deest
1421 3247 1511 3332 apud

231 3354 385 3441 Gellium,
409 3357 443 3422 id
466 3357 647 3425 manifesto
668 3381 710 3424 ex
724 3357 874 3425 noctium
888 3357 1079 3424 Atticamm
1094 3355 1176 3421 hhro
1193 3375 1256 3421 sua
1271 3375 1340 3421 non
1354 3353 1510 3420 hausisse

231 3462 447 3530 scholiastam
463 3463 684 3549 demonstrat;
708 3465 785 3532 uide
802 3461 933 3548 Georgii
947 3462 968 3528 l.
985 3485 1009 3529 ε.
1025 3483 1055 3548 p.
1072 3462 1147 3528 241.
1180 3459 1272 3527 Idem
1287 3460 1328 3527 de
1344 3460 1510 3527 Macrobio

229 3571 288 3635 uix
303 3571 426 3657 poterit
448 3591 516 3638 non
533 3571 596 3638 dici
611 3574 688 3658 post
704 3571 948 3658 disputationes
964 3568 1114 3635 'Philonis
1129 3569 1164 3632 in
1180 3567 1287 3635 Seruii
1301 3566 1481 3634 uoluminis
1496 3567 1511 3631 l

230 3676 334 3763 praei.
358 3699 388 3763 p.
403 3677 498 3744 XXV
521 3681 556 3744 et
579 3675 710 3762 Georgii
732 3677 794 3744 lc.
818 3699 848 3764 p.
865 3676 917 3760 18,
945 3677 1002 3763 qui
1026 3674 1067 3741 de
1089 3674 1184 3742 Velio
1207 3673 1322 3759 Longo
1347 3676 1510 3761 tanquam

231 3787 398 3850 communi
415 3783 511 3851 Gellii
534 3787 570 3850 et
592 3783 793 3851 scholiastae
816 3785 909 3849 iente
933 3781 1136 3868 cogitauitl)

230 3911 444 3928 P-——*

340 3963 357 4032 ¹)
375 3962 420 4018 Ad
439 3961 553 4032 Vergilii
581 3978 694 4016 uersum
718 3959 872 4016 cclv176
899 3957 1019 4016 eandem
1046 3958 1106 4014 iere
1134 3961 1237 4030 poetae
1264 3957 1511 4029 reprehensionem

231 4050 339 4122 profert
357 4049 514 4105 scholiasta
532 4051 689 4115 Beruensis,
709 4066 793 4121 quam
812 4066 831 4105 e
843 4050 968 4105 Cornuto
981 4048 1194 4119 pronuntiatam
1208 4063 1270 4101 esse
1282 4062 1368 4117 supra
1381 4045 1510 4116 uidimus.
1587 4046 1590 4054 “

232 4139 287 4194 Sed
312 4138 412 4194 mirum
441 4137 471 4196 in
498 4138 613 4194 modum
639 4139 685 4194 hic
712 4140 849 4210 interpres
873 4135 1032 4208 (prosu.)
1051 4135 1214 4192 adnotauit:
1320 4135 1433 4190 Rates
1460 4150 1510 4205 pro

230 4227 359 4286 narrihus.
397 4226 550 4298 Gurgite
568 4229 639 4283 mari
658 4245 708 4300 per
725 4225 895 4300 tapinosim’.
933 4226 1014 4295 Quod
1032 4229 1109 4280 recte
1126 4225 1205 4280 illum
1223 4225 1369 4295 scripsisse
1381 4222 1510 4293 equidem

231 4316 402 4386 negauerim,
422 4317 557 4387 quoniam
575 4334 610 4372 ex
620 4317 701 4374 Gellii
720 4322 749 4372 et
767 4316 856 4372 Seruii
874 4315 1039 4387 uerbisque
1058 4316 1170 4385 spectet
1187 4314 1256 4370 illud
1273 4311 1332 4384 ‘per
1350 4309 1510 4385 tapinosim’

230 4405 361 4462 uidimus.
398 4405 443 4460 An
471 4405 621 4478 quisquam
646 4409 730 4477 putet
756 4401 892 4476 ‘gurgitis'
919 4419 1019 4460 uocem
1043 4403 1170 4458 uiliorem
1195 4401 1311 4458 reddere
1329 4400 1509 4465 sententiam,

231 4510 295 4549 cum
314 4495 436 4565 ponatur
455 4509 505 4564 pro
524 4495 616 4548 mari?
653 4495 811 4565 scripserat
829 4492 903 4549 enim
921 4491 1060 4564 Vergilius
1078 4493 1096 4547 l.
1110 4509 1145 4547 s:
1164 4489 1296 4562 ‘Scyllam
1315 4531 1322 4546 .
1343 4532 1349 4545 .
1369 4533 1375 4546 .

480 4583 623 4638 Dulichias
641 4599 762 4639 uexasse
780 4589 863 4647 rates,
884 4585 914 4636 ct
932 4582 1042 4653 gurgite
1060 4581 1089 4636 in
1108 4581 1167 4637 alto

480 4674 512 4725 a!
532 4672 646 4727 timidos
665 4674 768 4728 nautes
787 4671 904 4728 canibus
923 4671 1063 4728 lacerasse
1082 4667 1213 4726 mains?
