3458 5100
757 299 978 366 ..32-

228 498 303 544 esse
334 479 493 543 uocatum
523 480 612 544 reete
637 477 770 560 Georgii
799 478 843 545 ad
866 476 886 543 l.
910 499 935 543 s.
959 499 984 542 e.
1007 476 1181 544 intellexit.
1228 478 1291 561 Qui
1308 481 1512 565 permistum

227 583 430 652 uocabulum
454 585 674 670 compositum
690 583 911 650 offensionem
927 584 1124 670 praebuisse
1148 605 1210 651 suo
1228 586 1299 652 iure
1316 585 1507 670 arbitratur,

227 693 345 778 uptote
369 689 459 777 quod
480 691 616 756 minime
639 689 684 756 ad
706 691 790 758 aciei
812 689 996 764 tumultum
1020 711 1042 756 a
1063 693 1166 779 poeta
1188 691 1415 776 significarem
1430 713 1508 780 per-

226 799 331 864 tinere
353 798 512 884 putatum
535 798 586 863 sit.
622 796 788 864 Cornutus
811 817 897 865 uero⁴
914 796 1030 864 attulit
1053 797 1197 866 alterum
1218 801 1340 885 poetae
1362 819 1510 884 uersum,

227 925 293 992 quo
316 906 482 971 nocturna
504 903 630 991 proelia
653 907 851 988 enarrantur
874 905 996 991 quibus
1018 904 1167 971 interfuit
1189 907 1332 974 Aeneas.
1379 905 1509 988 Quibus

225 1012 262 1076 in
291 1011 425 1096 proeliis
449 1011 570 1079 armati
592 1011 707 1097 spoliis
730 1011 922 1092 recentibus
946 1011 1080 1094 ltciani
1111 1011 1146 1076 in
1177 1012 1308 1084 hostem
1339 1013 1509 1089 irruerunt

225 1118 433 1205 mutatisque
468 1117 581 1204 clipeis
615 1139 674 1204 per
708 1117 821 1191 dolum
855 1118 983 1185 medios
1016 1117 1051 1183 in
1086 1116 1223 1187 Danaos
1258 1117 1386 1206 delapsi
1418 1123 1508 1185 sunt.

226 1223 320 1306 Quod
342 1225 393 1291 ita
417 1224 580 1312 expressit
602 1224 767 1308 Vergilius
791 1226 873 1292 Aen.
896 1224 1014 1292 11396
1037 1245 1142 1311 seqq:

408 1366 582 1433 ‘Vadimus
605 1369 737 1435 rumara·
760 1366 888 1434 Danais
911 1365 1004 1434 haud
1026 1367 1164 1433 numine
1187 1370 1302 1433 uestro

408 1474 581 1561 multaque
604 1493 663 1559 per
686 1493 821 1540 caecam
845 1475 1012 1557 congressi
1035 1472 1162 1560 proelia
1183 1477 1316 1540 noctem

409 1581 622 1664 conserimus,
647 1578 771 1646 multos
794 1579 951 1649 Danaum
975 1579 1181 1647 demittimus
1205 1580 1307 1648 Oreo?

332 1716 429 1788 Vnde
457 1725 597 1809 apparet
630 1725 820 1807 inmixtum,
858 1721 1008 1790 eiusdem
1040 1723 1152 1810 stirpis
1183 1723 1384 1790 uocabulum
1415 1744 1506 1790 com-

225 1831 381 1917 positum,
416 1850 452 1896 re
482 1850 564 1895 uera
593 1849 742 1917 pugnam
773 1829 969 1914 significare.
1015 1829 1157 1896 Videtur
1189 1833 1304 1898 autem
1328 1830 1504 1914 CornutuS,

226 1957 302 2002 cum
331 1936 421 2003 hunc
450 1935 561 2002 locum
595 1935 743 2020 afferret,
780 1956 879 2024 quem
913 1939 1003 2004 recte
1035 1939 1188 2003 constare
1220 1936 1318 2004 modo
1349 1936 1504 2016 uidimus

226 2043 333 2110 altera
356 2063 397 2109 ex
420 2043 572 2130 partein
596 2063 738 2110 errorem
753 2042 918 2112 incidisse.
964 2042 1051 2110 Nam
1075 2044 1103 2110 si
1125 2046 1215 2111 recte
1233 2044 1339 2110 Seruii
1362 2044 1505 2111 adnota-

225 2151 351 2217 tionem
365 2147 525 2234 intellexi,
549 2153 683 2236 praeter
696 2150 870 2216 insolitum
892 2149 974 2217 illud
994 2151 1134 2217 uerbum
1149 2151 1320 2239 pugnandi
1337 2150 1506 2237 explican-

226 2257 305 2324 dum
333 2257 436 2324 etiam
468 2279 521 2324 res
555 2258 639 2343 ipsa,
675 2279 777 2345 quam
811 2258 950 2342 agnouit
982 2257 1017 2323 in
1047 2257 1184 2324 lunonis
1219 2256 1335 2344 templi
1368 2258 1509 2343 picturis

224 2365 369 2448 Aeneas,
394 2364 524 2430 curauit
547 2367 585 2430 ut
616 2363 738 2452 quibus
761 2364 915 2431 uersibus
939 2385 960 2430 a
989 2368 1091 2451 poeta
1114 2366 1352 2451 proponeretur
1375 2363 1504 2430 diceret.

224 2471 358 2538 Etenim
381 2470 424 2536 ad
447 2491 518 2537 rem
542 2469 622 2537 alibi
645 2473 784 2558 apocta
807 2469 1007 2557 descriptam
1031 2471 1121 2537 hunc
1143 2491 1278 2536 uersum
1294 2469 1503 2552 (lenires)

224 2579 389 2665 pertinere
413 2576 579 2643 Cornutus
609 2578 768 2663 putabat,
802 2578 960 2664 quoniam
990 2577 1123 2644 Aeneas
1154 2597 1222 2642 nou
1252 2577 1318 2643 nisi
1352 2598 1439 2666 quae
1470 2599 1508 2644 re

224 2705 306 2749 uera
329 2681 407 2749 olim
437 2683 502 2770 ipsi
531 2682 721 2750 acciderant
751 2685 786 2748 in
816 2686 937 2770 pugnis
960 2683 1068 2750 Iliacis
1100 2703 1279 2767 agnoscere
1303 2685 1421 2770 potuit.
1467 2685 1506 2750 ld

224 2793 341 2856 tamen
371 2810 439 2856 uon
469 2793 559 2855 recte
590 2809 667 2854 eum
690 2790 853 2856 statuisse
885 2790 1045 2872 censebit,
1077 2791 1266 2876 quicunque
1297 2793 1504 2878 quantopere

224 2898 313 2964 iuter
335 2917 371 2963 se
395 2895 554 2962 differant
576 2895 739 2963 fortitudo
755 2896 843 2962 inter
865 2896 1029 2982 principes
1044 2896 1193 2962 hostium
1209 2899 1377 2964 uersantis
1401 2901 1503 2984 atque

225 3003 321 3071 dolus
343 3003 432 3069 illius
456 3003 513 3090 qui
535 3006 638 3070 noctu
661 3002 788 3070 medios
811 3003 846 3068 in
867 3004 982 3070 hostes
1005 3002 1212 3088 ingrediatur
1235 3005 1503 3071 considerauerit.

224 3111 341 3197 Neque
364 3131 454 3196 uero,
479 3113 519 3176 ut
540 3110 604 3177 hoc
627 3111 759 3193 addam,
789 3132 875 3198 quae
899 3114 1087 3198 sequuntur
1108 3115 1203 3178 ‘eoae
1228 3112 1327 3177 acies'
1351 3114 1386 3177 et
1408 3111 1504 3196 ‘nigri

224 3216 411 3283 Memnonis
442 3222 544 3284 arma'
578 3217 701 3299 (Aenl
722 3217 799 3301 489>
831 3237 884 3286 me
916 3217 1136 3304 offendunt,¹t
1172 3217 1251 3305 quia
1284 3217 1332 3284 nil
1365 3218 1506 3304 impedit

225 3323 403 3409 quominus
426 3322 564 3406 imagini
587 3323 739 3392 diuersae
756 3325 799 3391 ab
814 3323 872 3390 illa
888 3345 990 3411 quam
1005 3324 1161 3391 describit
1176 3326 1278 3410 poeta
1293 3345 1395 3391 uersu
1409 3330 1422 3388 Ι
1436 3323 1507 3390 488

224 3431 425 3514 tribuantur,
450 3451 526 3496 rum
548 3451 617 3496 non
640 3452 707 3497 uno
724 3431 907 3518 eodemque
930 3431 1080 3517 picturae
1100 3429 1231 3497 ambitu
1252 3429 1384 3497 inclusa
1398 3429 1507 3498 luisse

224 3533 404 3605 uideantur
442 3537 554 3603 omnia
591 3558 678 3624 quae
716 3536 801 3604 uidit
835 3539 969 3604 Aeneas
1001 3537 1080 3603 inde
1112 3558 1133 3602 a
1167 3559 1268 3603 uersu
1301 3537 1410 3624 1456,
1444 3537 1503 3604 sed

224 3643 375 3731 pluribus
398 3643 524 3710 tabulis
555 3645 658 3730 atque
692 3644 796 3710 uariis
825 3644 1026 3729 imaginibus
1050 3642 1165 3730 templi
1198 3643 1344 3732 parietes
1368 3647 1506 3712 ornatos

224 3729 329 3818 ldisse
352 3753 470 3837 putare
493 3753 651 3838 praestet

331 3857 458 3924 Deinde
490 3858 676 3925 criticorum
706 3857 762 3925 uel
793 3859 1053 3925 obtrectatorum
1085 3856 1345 3944 disceptationes
1371 3857 1504 3925 inuenit

226 3965 391 4031 Cornutus
426 3965 470 4030 ad
503 3966 586 4031 Aen.
602 3963 648 4029 IX
663 3964 728 4031 672
745 3996 789 4020 --
805 3963 851 4029 ΙΧ
867 3965 932 4032 675
968 3964 1064 4031 Ribb.
1100 3967 1252 4050 portam,
1289 3985 1374 4051 quae
1410 3965 1502 4032 ducis

224 4073 360 4158 imperio
385 4070 572 4155 commissa,
595 4070 792 4154 recludunt',
822 4070 857 4137 id
880 4070 969 4158 quod
999 4071 1204 4154 intellegitur
1232 4091 1308 4139 cum
1331 4091 1376 4142 ex
1397 4071 1503 4138 Seruii

225 4178 315 4246 aucti
338 4178 449 4245 uerbis
472 4178 515 4245 ad
538 4178 627 4246 hunc
642 4199 778 4245 uersum
793 4181 866 4245 tum
890 4199 932 4246 ex
954 4198 1045 4246 noua
1060 4199 1161 4265 quam
1185 4178 1321 4246 exhibet
1336 4178 1504 4246 Cornutus

226 4284 446 4372 explicatione
465 4285 558 4357 uocis
581 4289 759 4371 cucumam
790 4285 866 4352 uide
892 4284 1029 4352 Seruius
1053 4283 1097 4352 ad
1119 4285 1139 4352 1.
1155 4307 1181 4353 s.
1205 4290 1245 4373 (p.
1261 4286 1324 4369 81).
1369 4285 1504 4352 Etenim

225 4392 313 4478 quod
336 4391 393 4458 alii
415 4395 547 4478 portam
578 4393 790 4460 commissam
812 4393 832 4459 i.
849 4413 875 4459 e.
899 4392 1036 4480 imperio
1067 4391 1221 4460 absentis
1244 4393 1380 4459 Aeneae
1404 4413 1509 4460 curae·

332 4641 350 4712 ¹)
370 4641 406 4697 cf.
424 4640 569 4696 Ribbeckii
587 4643 712 4714 prolegg.
730 4659 758 4713 p.
773 4641 834 4700 126.
