3458 5100
757 336 979 403 „52-

233 515 269 579 et
279 511 493 580 aduersarius
504 512 650 599 periculo
666 512 710 580 ad
718 513 876 580 iudicium
887 515 1052 593 uenimus,
1069 514 1129 581 sed
1140 515 1222 582 mihi
1234 515 1367 601 quidem
1378 555 1424 566 -
1435 518 1513 584 nolo

232 619 409 706 quicquam
445 619 541 686 initio
576 618 706 687 dicendi
744 620 926 687 ominosius
960 619 1129 708 proloqui?
1186 621 1237 688 Ex
1271 623 1322 689 his
1357 624 1512 690 omnibus

233 725 440 794 Caecilianae
475 724 646 794 doctrinae
684 727 828 810 uestigia
866 728 1032 814 quaedam
1069 728 1209 796 subesse
1247 731 1283 795 in
1317 731 1514 812 Quintiliani

230 831 341 916 figura
363 835 618 918 ἀποσιωπῆσεαις
639 833 858 900 statuendum
881 835 952 902 erit.

337 939 430 1006 ldcm
452 938 597 1007 fortasse
620 939 714 1007 ualet
736 940 909 1024 defigere
931 944 1138 1027 ἀποστροφῆς
1160 943 1250 1029 apud
1270 942 1513 1024 Quintilianum

232 1045 278 1114 IX
300 1046 331 1130 2,
346 1045 398 1112 38.
444 1045 630 1130 Distinguit
652 1045 776 1115 Fabius
811 1047 877 1114 duo
911 1047 1001 1114 illius
1033 1048 1162 1132 figurae
1197 1069 1329 1133 genera,
1368 1050 1512 1118 alterum

231 1151 322 1240 quod
351 1151 430 1220 dicit
463 1157 636 1220 ‘auersum
670 1175 693 1220 a
725 1153 833 1222 iudico
867 1159 1079 1240 sormonem',
1119 1154 1261 1223 alterum
1292 1156 1380 1242 quod
1410 1161 1512 1224 uocat

231 1261 471 1343 ‘auersionem,
507 1282 594 1347 quae
629 1282 651 1326 a
683 1263 855 1348 proposita
889 1263 1087 1347 quaestione
1120 1261 1257 1329 abducit
1294 1262 1511 1330 audientem’.

230 1364 283 1434 lix
312 1367 365 1434 his
395 1367 487 1454 prius
516 1367 602 1435 illud
626 1388 734 1451 genus
765 1367 873 1434 solum
896 1365 940 1434 ad
962 1367 1050 1435 hano
1073 1368 1336 1455 disputationem
1357 1371 1510 1456 pertinet,

232 1473 313 1560 quia
335 1474 479 1541 alterum
502 1472 709 1541 caecilianae
734 1473 903 1542 doetrinae
927 1475 1070 1562 speeiem
1097 1496 1167 1542 non
1188 1474 1322 1542 uidetur
1343 1476 1511 1562 praebere.

232 1583 345 1667 Atque
368 1580 490 1668 triplex
512 1590 566 1648 est
587 1603 670 1648 usus
693 1581 782 1648 illius
813 1585 1020 1668 ἀποστροφῆς
1051 1583 1236 1650 secundum
1259 1582 1510 1664 Quintilianum.

231 1687 286 1754 Ita
309 1687 397 1754 enim
417 1709 525 1754 sermo
543 1688 708 1755 auertitur
722 1709 744 1754 a
759 1689 876 1772 iudice,
901 1692 941 1756 ut
963 1690 991 1771 1)
1008 1693 1070 1756 aut
1084 1688 1293 1756 aduersarios
1308 1689 1511 1757 inuadamus

233 1793 264 1877 2)
281 1798 343 1861 aut
357 1795 401 1862 ad
416 1795 664 1862 inuocationem
680 1794 828 1882 aliquam
847 1797 878 1879 3)
895 1799 956 1862 aut
972 1796 1016 1863 ad
1030 1794 1231 1863 inuidiosam
1245 1796 1511 1884 implorationem

231 1903 474 1970 conuertamur.

337 2008 390 2074 Ad
405 2007 439 2074 id
459 2009 547 2096 quod
563 2009 687 2076 Fabius
710 2009 814 2097 primo
838 2008 909 2077 looo
934 2013 1171 2077 commemorat
1186 2010 1307 2077 Tiberii
1328 2009 1510 2097 disputatio

233 2114 367 2182 uidotm
389 2116 615 2202 comparanda
637 2137 719 2184 esse.
766 2115 959 2201 Oongruunt
989 2117 1078 2184 enim
1106 2137 1195 2203 quae
1215 2119 1356 2204 uterque
1380 2117 1512 2205 scripsit

230 2224 281 2289 ita
310 2225 358 2308 ut,
395 2225 424 2291 si
454 2224 633 2291 Caecilium
663 2245 872 2292 communem
903 2229 939 2292 et
961 2223 1158 2306 Quintiliani
1181 2227 1216 2291 et
1237 2224 1360 2291 liberii
1381 2223 1511 2290 iontem

232 2352 307 2397 esse
330 2352 435 2417 supra
457 2335 546 2398 recte
571 2333 759 2417 statuimus,
782 2332 847 2399 hoo
862 2353 995 2419 quoque
1008 2333 1081 2399 loeo
1097 2331 1138 2398 de
1154 2332 1321 2398 communi
1336 2332 1510 2418 utriusque

230 2440 368 2504 auctore
390 2439 582 2522 cogitemus.
630 2438 785 2523 Legimus
808 2439 912 2506 enim:

275 2562 410 2643 Quintil.
433 2563 480 2630 IX
495 2565 526 2648 2,
540 2564 598 2630 38:
940 2562 1091 2630 Tiberius
1114 2584 1144 2650 p.
1160 2562 1270 2646 61,29
1294 2561 1365 2649 Sp:
1446 2563 1449 2569 ’

230 2673 419 2736 ‘Auersus
460 2691 614 2757 quoque
654 2692 675 2737 a
712 2669 841 2736 iudico
896 2671 1133 2755 Ἀποστροφὴ
1162 2671 1198 2735 δέ
1225 2672 1305 2734 ἐστιν
1333 2671 1408 2734 ὅταν
1437 2671 1510 2734 ἀπὸ

230 2796 369 2857 serum,
392 2776 450 2863 qui
470 2776 589 2844 dicitur
609 2780 841 2862 ἀποστροφή,
896 2784 969 2842 τῶν
1000 2779 1187 2843 δικαστῶν
1217 2777 1313 2861 πρὸς
1350 2777 1415 2841 τὸν
1445 2779 1509 2841 ἀν-

220 2867 310 2948 Ι1111111
331 2888 474 2968 mouet,
496 2885 569 2949 siue
588 2883 841 2950 aduersarios
894 2886 1040 2950 τίδικον
1059 2886 1281 2968 ἀποστρέφῃ
1304 2884 1367 2948 τὸν
1388 2885 1509 2966 λόγον,

229 2988 457 3056 inuadimus
482 3042 488 3056 .
512 3041 518 3056 .
543 2995 561 3056 ‚⁹
896 2993 988 3056 οἷον.
1010 3041 1045 3059 ..

940 3101 1097 3182 κινήσας
1134 3098 1195 3181 γὰρ
1240 3106 1278 3183 τῇ
1322 3099 1400 3180 δόξῃ
1445 3103 1510 3161 τῶν

895 3207 1162 3289 παραδειγμάτων
1204 3204 1278 3275 τοὺς
1322 3205 1509 3277 ἀκούοντας,

896 3314 964 3378 τότε
985 3315 1040 3378 καὶ
1061 3313 1116 3377 τδν
1140 3311 1297 3376 ἀντίδικον
1320 3312 1464 3393 κέκληκε.

336 3417 506 3484 Tiberium
525 3419 589 3484 hoc
609 3439 652 3485 ex
667 3418 798 3485 Caecilii
814 3418 965 3484 doctrina
980 3419 1161 3504 sumpsisse
1175 3414 1254 3482 inde
1270 3414 1396 3500 colligo,
1421 3416 1510 3502 quod

231 3525 296 3592 alio
326 3525 398 3590 loco
431 3525 604 3592 aTiberio
635 3525 802 3592 rhetorem
825 3524 1032 3592 Calactinum
1062 3545 1097 3590 re
1129 3543 1211 3589 uera
1237 3519 1278 3588 de
1305 3542 1462 3589 sermone·
1489 3545 1510 3588 a

230 3632 338 3700 iudice
369 3652 487 3698 auerso
516 3632 624 3716 egisse
648 3631 830 3700 edocemur.
877 3631 1016 3718 Scripsit
1037 3630 1092 3696 hic
1114 3630 1203 3698 enim
1225 3650 1255 3715 p.
1275 3629 1510 3715 80‚18soqq.:

229 3742 295 3805 Kal
316 3741 352 3805 τὸ
374 3747 430 3824 τῆς
454 3742 655 3814 ἀλλοιώσεως
678 3747 784 3824 σχῆμα
808 3741 922 3822 εἰσάγει
945 3741 964 3804 ὁ
986 3739 1196 3815 Καικίλιος,
1219 3739 1275 3802 καί
1295 3761 1392 3822 φησιν
1412 3737 1510 3820 αὐτὴν

232 3849 373 3931 γίνεσθαι
398 3850 471 3912 κατ’
504 3849 608 3930 ὄνομα
638 3848 693 3911 καὶ
725 3849 859 3918 πτώσεις
889 3847 943 3910 καὶ
977 3845 1137 3930 ἀριθμοὺς
1168 3845 1222 3908 καί
1256 3846 1416 3928 πρόσωπα
1456 3843 1511 3908 καὶ

230 3955 439 4039 χρόνους...
462 3954 542 4019 κατὰ
574 3954 609 4018 δὲ
638 3955 675 4018 τὰ
702 3955 862 4037 πρόσωπα
885 3954 1074 4027 ἀλλοιώσεις,
1082 3953 1104 4035 ¹)
1140 3953 1186 4023 ὡς
1219 3954 1300 4035 παρ’
1333 3952 1421 4033 αὐτῷ
1455 3952 1509 4031 (se.

230 4061 512 4146 Δημοσθένει)...
538 4069 616 4133 τοῖς
646 4061 716 4145 γὰρ
748 4062 955 4131 δικασταῖς.
971 4060 1240 4142 διαλεγόμενος
1266 4059 1510 4142 μετατίθησιν

230 4168 366 4233 ἑαυτὸν
389 4169 448 4232 ἐπὶ
473 4167 536 4232 τὸν
560 4169 823 4234 ἀντίδικον...
846 4167 900 4231 καὶ
921 4167 1014 4231 πάλιν
1037 4166 1102 4230 ἀπὸ
1125 4171 1180 4230 τοῦ
1204 4165 1362 4229 ἀντιδίκου
1385 4165 1510 4247 μετάγει

232 4276 282 4340 ἐπὶ
304 4275 377 4346 τοὺς
401 4274 548 4346 δικαστὰς
570 4277 681 4358 λέγων,
704 4276 773 4340 οἷον
788 4326 796 4340 .
812 4327 843 4341 ..

336 4381 427 4446 Inter
458 4380 519 4447 hos
552 4402 636 4467 quos
675 4381 834 4468 exscripsi
865 4379 986 4446 'liberii
1016 4379 1106 4446 locos
1136 4379 1200 4444 hoc
1229 4377 1384 4455 interest,
1421 4375 1509 4462 quod

230 4490 336 4576 priore
368 4486 439 4554 loco
473 4491 679 4574 ἀποστροφῆς
708 4488 817 4584 figura
844 4488 879 4554 in
902 4485 1146 4554 sententiarum
1167 4484 1282 4568 figuris
1304 4486 1508 4562 numeratur,

338 4701 358 4771 ¹)
377 4701 414 4756 of.
433 4701 608 4756 Herodianus
626 4701 661 4756 de
678 4701 777 4773 figuris
795 4719 822 4774 p.
834 4700 924 4766 88,28
942 4701 989 4772 Sp.
