3458 5100
800 331 1000 397 -6-

349 510 440 578 Satis
471 510 620 597 proiecto
651 509 758 597 liquet
788 510 971 577 Cornutum
1000 508 1142 575 Neronis
1172 509 1379 595 temporibus
1409 509 1540 575 Romae

254 618 369 684 fuisse.
399 616 516 704 Neque
540 620 715 684 strenuum
737 617 830 682 illum
854 637 929 682 sese
952 615 1146 702 praebuisse
1173 615 1403 702 philosophiae
1426 619 1536 682 secta-

254 731 362 792 torem
386 745 428 790 ex
452 725 501 790 eis
524 745 611 811 quae
627 723 725 790 modo
742 722 903 809 adscripsi
918 721 1034 806 negari
1048 720 1134 789 licet
1158 721 1315 789 Iliusdem
1330 722 1378 789 rei
1392 723 1541 806 uestigia

253 838 488 898 remanserunt
517 833 551 896 in
581 829 690 896 indice
720 828 878 896 librorum
908 830 1066 912 Diogenis
1096 829 1222 895 Laertii
1252 829 1355 896 codici
1385 829 1539 895 Parisino

257 938 342 1006 1759
376 937 568 1024 praemisso.
615 937 721 1018 Quem
755 940 935 1023 postquam
969 957 1012 1002 ex
1047 935 1158 1002 codice
1191 935 1419 1003 Laurentiano
1453 935 1537 1022 plut.

253 1045 359 1112 LXDI
381 1045 435 1128 35,
459 1044 517 1131 qui
541 1044 726 1130 descriptus
750 1048 803 1111 est
826 1065 869 1109 ex
890 1042 947 1110 illo
962 1043 1148 1127 Parisin01),
1167 1025 1398 1130 depromptum
1413 1041 1539 1129 publici
1567 1072 1569 1080 s
1597 1030 1599 1033 ’

252 1153 333 1218 iuris
356 1151 437 1218 fecit
462 1151 498 1218 V.
514 1152 603 1218 Rosa
618 1151 654 1216 in
668 1150 812 1216 Hermae
828 1149 893 1217 uoI.
909 1151 924 1216 I
940 1149 1048 1232 )1866)
1064 1172 1095 1236 p.
1111 1149 1177 1216 370
1193 1171 1260 1236 seq.
1277 1150 1325 1232 (ci.
1340 1149 1381 1216 H.
1397 1150 1537 1233 Vsener,

253 1258 416 1346 Epicurea
438 1279 468 1344 p.
484 1258 530 1324 XI
553 1257 629 1324 adn.
645 1258 686 1341 2),
712 1278 754 1322 ex
768 1258 919 1323 Parisino
935 1257 1018 1343 ipso,
1036 1256 1163 1323 saeculi
1177 1255 1252 1322 XIII
1269 1255 1415 1341 codicet,
1432 1255 1539 1323 edidIt

252 1367 287 1432 Il.
319 1365 465 1448 Martini,
498 1363 663 1431 Analecta
681 1363 874 1430 ·Laertiana
905 1363 1023 1451 (Leipz.
1046 1362 1140 1430 Stud.
1171 1362 1249 1428 XIX
1277 1361 1400 1453 [1899])
1427 1385 1458 1451 p.
1481 1364 1533 1432 86.

252 1475 402 1559 Apparet
418 1472 507 1537 enirn
522 1472 705 1554 Diogenem
720 1471 892 1538 Laertium
903 1473 937 1537 in
950 1472 1091 1557 septimo
1104 1471 1252 1536 uitarum
1262 1471 1536 1557 philosophorum

252 1578 336 1645 libro
359 1580 447 1645 inter
470 1578 554 1644 ahos
578 1577 708 1644 Stoicos
740 1577 842 1644 etiam
865 1579 1046 1645 Cornutum
1076 1577 1213 1661 dIgnum
1243 1597 1343 1664 quem
1372 1580 1534 1644 tractaret

252 1687 437 1772 putauisse,
462 1687 520 1771 qui
541 1684 625 1751 liber
647 1683 736 1771 quod
759 1686 941 1751 maximam
964 1687 998 1751 In
1021 1688 1151 1772 partem
1178 1685 1274 1771 periit
1306 1685 1390 1751 satis
1419 1684 1537 1768 lugere

253 1812 442 1878 possumus.
488 1792 731 1878 Disputauerat
761 1796 876 1858 autem
906 1791 962 1857 ille
992 1791 1195 1878 biographus
1230 1790 1412 1858 secundum
1445 1793 1537 1858 hunc

251 1898 404 1983 indicem,
438 1920 502 1985 quo
531 1899 707 1965 exhibetur
734 1900 837 1965 series
860 1898 1132 1986 philosophorum
1161 1899 1197 1964 in
1229 1898 1368 1982 singulis
1397 1899 1488 1965 libris
1513 1919 1538 1964 a.

251 2007 398 2089 Diogene
413 2005 637 2090 laudatorum,
649 2010 783 2092 praeter
794 2005 971 2089 Zenonem,
986 2005 1190 2090 Cleanthem,
1204 2005 1433 2094 Chrysippum,
1450 2027 1536 2092 quo·

252 2133 327 2178 rum
349 2113 443 2179 uitae
465 2112 564 2180 hodie
587 2115 716 2195 extant,
742 2112 782 2179 de
805 2112 926 2197 uiginti
949 2112 1081 2180 Stoicae
1105 2111 1275 2180 doetrinae
1299 2112 1535 2194 sectatoribus

249 2221 337 2286 inter
359 2241 443 2306 quos
467 2219 650 2286 Gomutum
677 2219 782 2288 fuisse
812 2220 1004 2318 testimonio
1036 2222 1117 2286 sunt
1146 2220 1251 2307 ipsius
1281 2218 1400 2285 indicis
1429 2219 1536 2285 uerba

249 2326 346 2393 haec:
370 2328 491 2403 ἓντῶξ
502 2330 623 2412 ζήνων·
647 2329 817 2412 risbem-
842 2330 1032 2436 χρύσιπιιος·
1058 2331 1166 2412 ζήνων
1188 2329 1332 2412 ταρσεύς·
1351 2324 1530 2415 ὃ[ι]ογένης·

250 2435 491 2517 daciiddcrpoc·
514 2436 652 2519 βοηθός
675 2437 909 2519 μνηςιαρχίόης·
931 2431 1152 2519 μνησαγόρας·
1176 2437 1310 2517 νέστωρ·
1337 2434 1529 2530 fladiiridpc·

250 2525 422 2624 δάρδανος·
447 2542 645 2637 ἀντίτιατρρς·
668 2543 870 2628 ἡρακλείδης·
895 2545 1080 2626 σωσιγένης·
1101 2543 1273 2612 παναίτιος·
1290 2543 1410 2606 κάτων
1425 2564 1533 2605 ποσει-

250 2649 378 2718 ὃώνιος·
407 2623 679 2736 ditIvaoIdbport
703 2649 918 2732 ἀθηνόδωρος
945 2650 1051 2719 ἄλλος·
1079 2649 1277 2731 ἀντίπατρος·
1306 2651 1408 2734 ἄριιις
1431 2672 1533 2730 κορ·

249 2761 412 2825 cosroe.
459 2753 591 2834 Quam
614 2753 800 2820 Stoicorum
824 2755 1035 2820 successione
1058 2773 1178 2836 agmen
1202 2751 1328 2820 claudit
1347 2753 1532 2819 secundum

247 2859 407 2946 temporis
429 2861 594 2926 rationem
618 2859 785 2926 Cornutus
808 2862 925 2947 utpote
949 2860 1006 2946 qui
1029 2863 1106 2946 post
1129 2861 1245 2926 Arium
1267 2860 1414 2944 Augusti
1443 2863 1533 2926 tem-

247 2965 383 3052 poribus
406 2967 610 3050 florentemb
634 2967 765 3034 uixerit.

336 3073 536 3160 Priusquam
571 3076 686 3140 autem
720 3073 762 3140 ad
795 3073 1036 3157 diligentiorem
1066 3075 1159 3140 uitae
1192 3073 1447 3160 descriptionem
1476 3094 1533 3138 me

252 3183 456 3264 conuertam,
488 3180 522 3246 id
545 3203 650 3247 unum
680 3202 811 3264 moneo,
846 3203 969 3248 nomen
1003 3181 1171 3266 integrum
1204 3180 1391 3268 philosophi
1424 3179 1532 3246 inisse

248 3287 282 3352 L.
298 3288 521 3354 Annaeum
545 3287 794 3370 Cornutum,
820 3288 918 3374 quod,
942 3291 1107 3376 quantum
1123 3288 1232 3370 uideo,
1249 3285 1494 3354 CharisiusGL
1515 3286 1530 3351 I

247 3414 278 3480 p.
305 3395 368 3461 127
390 3395 430 3460 Κ.
454 3393 546 3460 solus
570 3396 731 3478 seruauit,
755 3416 831 3462 cum
855 3397 957 3462 ceteri
979 3397 1154 3482 scriptores
1170 3416 1239 3461 non
1254 3395 1319 3461 nisi
1341 3395 1532 3460 ‘Annaeum

248 3499 440 3567 Comutum'
464 3499 519 3566 uel
543 3500 747 3568 ‘Gomutum'
771 3502 826 3568 uel
849 3502 1045 3569 ‘Gomutum
1060 3501 1304 3589 philosophum’
1319 3501 1376 3567 uel
1391 3500 1529 3567 ‘Cornu-

247 3609 320 3673 tum
344 3607 503 3674 Stoicum’
528 3628 605 3674 eum
628 3607 879 3695 appellauerint.
917 3608 1079 3695 Aequod
1103 3630 1124 3674 s
1146 3607 1315 3674 nonnullis
1339 3606 1533 3695 perhibetur

247 3714 411 3801 scriptura
433 3714 579 3781 nomInis
600 3716 806 3800 Κουρνοῦτος
829 3717 910 3788 siue,
935 3715 1025 3803 quod
1047 3715 1083 3781 in
1107 3714 1274 3782 codicibus
1290 3718 1395 3798 extat,
1421 3715 1528 3798 Φουρ-

245 3828 367 3904 νοῦτος,
390 3842 461 3886 rem
484 3821 596 3904 tetigit
620 3822 652 3889 6.
668 3821 772 3906 Lang,
790 3823 846 3908 qui
863 3843 950 3908 quae
966 3823 1122 3908 exposuit
1136 3823 1307 3888 inuenitur
1321 3820 1356 3887 in
1373 3819 1529 3888 editionis

247 3926 388 4013 praefat.
412 3949 441 4013 p.
458 3927 512 3995 VI.
543 3927 671 3995 Deinde
686 3949 811 4012 magna
832 3928 1130 3996 uerisimilitudinis
1145 3929 1254 4017 specie
1278 3926 1533 3996 commendatur

246 4032 335 4120 quod
358 4034 422 4101 uiri
437 4034 527 4101 docti
542 4036 768 4102 coniecerunt:
791 4035 869 4102 inde
886 4056 960 4102 esse
976 4034 1208 4122 explicandum
1225 4036 1378 4101 ‘Annaei’
1394 4054 1530 4116 nomen,

336 4247 411 4317 ¹.)ci
431 4247 632 4313 Wachsrnuth,
651 4265 723 4304 mus.
741 4248 833 4307 Rhen.
845 4199 934 4304 XXIX
947 4248 1073 4321 )1874)ρ.
1086 4249 1148 4306 865.
1162 4249 1198 4305 id.
1201 4250 1327 4320 ‚sillcga
1338 4265 1432 4320 graec.
1444 4247 1531 4318 psa

244 4336 367 4402 Bonnct,
385 4353 457 4391 mus.
476 4337 567 4393 Rhea.
586 4337 689 4392 XXXII
708 4337 836 4408 (lS‘I'IIp.
849 4337 911 4394 580.
929 4339 1045 4404 Vscner,
1058 4338 1236 4410 Dpieurcap.
1248 4339 1295 4395 XI.
1324 4337 1443 4404 Martini,
1453 4337 1527 4392 Aua·

245 4426 322 4480 lecta
341 4424 539 4497 haertianap.
560 4425 619 4482 162.

335 4514 445 4584 'illuit
469 4516 582 4572 saeculo
608 4515 670 4571 cod.
689 4515 776 4571 Paris.
795 4533 836 4586 gr.
855 4533 897 4572 nr.
918 4517 987 4572 1759
1006 4517 1048 4588 (P)
1073 4517 1205 4572 attribuit
1228 4516 1377 4573 Martiuil.
1396 4533 1419 4572 e.
1437 4532 1465 4587 p.
1483 4515 1529 4574 84.

335 4605 353 4674 8)
373 4603 411 4659 cf.
431 4604 519 4660 Zeller
537 4605 555 4661 I.
574 4621 596 4660 a.
615 4605 654 4660 III
675 4604 708 4659 1⁸
725 4623 752 4678 p.
772 4605 833 4661 614.
877 4607 897 4662 I.
918 4607 952 4662 de
970 4607 1067 4663 Arnim
1085 4607 1114 4662 in
1134 4607 1289 4662 Wisscwac
1308 4605 1452 4676 encyclcp.
1470 4607 1528 4660 uel.

243 4692 268 4746 ll
286 4709 314 4764 p.
333 4692 387 4747 626
405 4710 427 4748 s.
447 4711 475 4750 u.
493 4694 593 4750 AreIos
611 4712 657 4751 no.
680 4695 720 4750 12.
