3458 5100
751 342 952 407 -5.-

317 517 432 584 Ioann.
461 517 616 583 Antioch.
647 516 706 600 frg.
731 517 774 583 90
805 517 892 602 (hist.
924 539 1029 602 graec.
1060 517 1176 602 fragm.
1209 518 1258 586 ed.
1285 518 1424 586 Mueller
1447 519 1493 585 IV

209 645 242 711 p.
258 623 349 710 575)
372 625 570 691 Μονσώνιόν
584 649 616 689 τε
638 626 692 689 καὶ
711 625 932 709 Κορνοῦτον
953 633 1071 708 μικροῦ
1094 626 1154 710 μὲν
1169 628 1298 712 ἐδέησεν
1313 630 1493 693 ἀποκτεῖναι

208 733 269 819 (sc.
294 734 313 797 ὁ
334 731 477 818 Νέρων),
508 740 563 816 τῆς
593 733 628 797 δὲ
658 732 784 816 Ῥώμης
814 733 963 817 ἐξήλασεν
991 753 997 766 ·
1026 734 1102 798 ἄλλο
1124 735 1184 816 μὲν
1207 735 1300 799 οὐδὲν
1324 737 1492 810 ἐπικαλῶν,

207 842 258 905 ὅτι
281 841 316 905 δὲ
339 840 435 922 σοφοὶ
457 840 511 904 καὶ
534 841 651 923 ἄριστοι
675 835 747 928 [τὸν]
771 841 842 923 βίον
865 841 1043 924 ἐγενέσθην.

317 945 449 1044 Hieron.
466 945 583 1012 01000.
600 943 644 1011 ad
659 967 688 1011 a.
704 945 782 1011 Abr.
795 945 882 1012 2083
899 945 1020 1032 olymp.
1031 945 1142 1030 211,3,
1161 947 1218 1033 qui
1234 950 1287 1013 est
1305 946 1426 1014 Neron.
1443 948 1492 1033 13,

210 1075 241 1140 p.
258 1052 328 1119 010.
344 1072 376 1118 n.
393 1052 472 1139 67)8
496 1050 560 1140 (ed.
585 1051 781 1119 Schoenell
803 1074 833 1139 p.
852 1053 945 1137 157);
969 1051 1070 1118 ‘Nero
1095 1074 1170 1119 cum
1195 1055 1313 1120 ceteris
1336 1054 1417 1121 uiris
1439 1055 1492 1120 in-

209 1158 363 1242 signibus
386 1161 422 1225 et
444 1157 620 1225 Octauiam
642 1179 781 1225 uxorem
805 1179 902 1225 suam
925 1158 1087 1225 interficit
1108 1159 1391 1246 cornutumque
1414 1161 1492 1229 filo-

207 1265 322 1333 soium
345 1269 593 1353 praeceptorem
616 1265 722 1332 Persii
744 1267 779 1331 in
802 1264 938 1331 exilium
965 1264 1075 1349 fugat?
1119 1265 1159 1333 cf.
1183 1287 1268 1333 uers.
1292 1270 1425 1336 Armen.
1449 1267 1492 1334 ad

209 1396 241 1440 a.
257 1373 334 1438 Abr.
350 1372 438 1439 2080
462 1372 581 1459 olymp.
597 1372 744 1458 211,1,1)
768 1373 825 1458 qui
848 1375 901 1439 est
922 1371 1042 1440 Neron.
1062 1372 1112 1458 10,
1136 1394 1166 1459 p.
1183 1373 1303 1440 01100.
1320 1374 1400 1462 0415
1425 1375 1489 1463 (ed.

208 1478 363 1546 Schoene
385 1479 414 1544 Π
436 1500 466 1566 p.
486 1479 572 1566 154).
595 1503 597 1510 ·

318 1586 398 1652 Vita
414 1585 519 1653 Persii
534 1585 683 1672 (Sueten.
700 1609 729 1673 p.
742 1587 785 1653 72
801 1586 838 1652 R.
848 1586 989 1652 :Pers
1005 1586 1118 1653 quen.
1135 1586 1224 1672 Sulp.
1247 1590 1310 1661 sat.
1327 1587 1376 1655 ed.
1393 1588 1489 1654 Iahn-

208 1692 413 1760 Buecheler8
435 1715 465 1780 p.
484 1693 527 1759 58
536 1697 628 1779 seq.):
652 1693 746 1760 ‘Cum
770 1697 862 1760 esset
884 1714 1048 1760 annorum
1066 1689 1144 1758 XVI
1159 1695 1215 1775 (sc.
1231 1693 1388 1782 Persius),
1413 1696 1492 1760 ami-

207 1800 290 1866 citia
313 1801 421 1886 coepit
443 1801 494 1866 uti
509 1800 665 1867 Annaei
680 1800 844 1867 Cornuti
866 1802 916 1866 ita
938 1804 977 1867 ut
999 1820 1167 1887 nusquam
1183 1801 1226 1866 ab
1243 1822 1282 1867 eo
1299 1800 1490 1868 discederet

205 1905 367 1973 inductus
390 1905 605 1992 aliquatenus
627 1908 663 1972 in
685 1905 929 1994 philosophiam
953 1909 1063 1973 est...
1080 1908 1238 1990 cognouit
1260 1929 1319 1995 per
1342 1909 1491 1976 00000-

206 2016 291 2079 tum
315 2014 417 2080 etiam
439 2015 618 2079 Annaeum
640 2012 813 2081 Lucanum
837 2035 1045 2101 aequaeuam
1070 2014 1256 2081 auditorem
1281 2015 1490 2082 Cornuti.

210 2118 302 2209 [nam
333 2120 561 2186 Cornutus
595 2120 651 2186 1110
683 2123 832 2208 tempore
863 2125 1004 2208 0091000
1039 2123 1280 2208 (σναιιιικαιέοιιο
1314 2122 1492 2189 substituit

206 2229 232 2293 l.
252 2227 293 2293 de
312 2227 448 2294 Martini
470 2227 489 2294 1.
507 2250 532 2294 0.
548 2249 579 2314 p.
593 2227 648 2313 50)
675 2227 740 2293 iuit
768 2230 881 2295 sectae
903 2231 1046 2314 poeticae
1073 2229 1198 2313 (stoicae
1220 2227 1408 2317 Pithoeus),
1434 2230 1491 2314 qui

205 2334 310 2401 libros
344 2333 573 2421 philosophiae
607 2332 759 2423 reliquit.)
796 2333 920 2418 (Verba
952 2359 1031 2403 ιιαιιι
1062 2335 1491 2420 00000100..;001ι’οιιι’1

207 2441 347 2508 seclusit
369 2441 487 2525 Bergk,
512 2440 667 2508 Zeitschr.
687 2442 708 2507 1.
724 2441 1067 2508 Altert.-Wissensch.
1085 2441 1169 2508 1845
1185 2441 1294 2510 0016
1310 2463 1340 2529 p.
1356 2443 1490 2530 125)...

209 2569 291 2614 0000
326 2552 379 2615 est
413 2548 501 2635 apud
536 2548 748 2615 Cornutum
788 2547 929 2615 duorum
963 2549 1119 2615 conuictu
1155 2549 1421 2616 doctissimorum
1457 2554 1491 2617 et

205 2654 496 2721 sanctissimorum
541 2656 685 2722 uirorum
732 2657 851 2722 acriter
884 2659 966 2722 tunc
1011 2655 1327 2743 philosophantium,
1375 2655 1491 2722 Claudi

209 2762 399 2845 Agathurni
432 2763 616 2850 (epeturtui
638 2763 693 2828 uel
717 2766 906 2850 apaturriui
938 2762 1027 2828 libri:
1061 2765 1268 2850 Apatbemert
1298 2764 1489 2830 Reinesius:

206 2871 369 2955 Aperitur·
396 2868 526 2956 Osann)
553 2869 672 2936 medici
694 2869 951 2936 Lacedaemonii
974 2873 1009 2936 et
1030 2857 1167 2936 Petroni
1191 2871 1407 2936 Aristocratis
1430 2869 1490 2958 (sic

208 2975 385 3041 Pithoeus:
418 2978 649 3062 01010109νο110
671 2976 757 3064 libri)
787 2977 963 3060 Magnetis
988 2996 1071 3062 quos
1095 2977 1191 3043 unice
1214 2977 1355 3043 miratus
1379 2980 1490 3043 estet

205 3081 409 3167 aemulatus,
435 3103 509 3148 cum
533 3082 691 3167 aequales
708 3087 822 3149 essent
838 3082 1015 3164 Cornuti,
1039 3083 1146 3148 minor
1168 3083 1238 3169 ipse
1255 3084 1407 3168 (ινιιίιονω
1421 3087 1488 3170 epse

209 3188 297 3254 libri:
333 3190 497 3258 Cornuti
525 3191 664 3256 minores
695 3197 724 3257 et
754 3192 818 3275 ipsi
844 3188 1052 3274 Reiffersch.)
1068 3242 1075 3256 .
1092 3240 1123 3254 ..
1146 3188 1280 3276 reliquit
1314 3191 1400 3257 circa
1429 3190 1490 3256 HS

205 3295 312 3361 uicies
329 3295 427 3361 matri
451 3300 486 3363 et
502 3297 605 3362 sorori
621 3296 751 3382 scriptis
768 3297 903 3361 tantum
919 3295 962 3361 ad
977 3299 1120 3361 matrem
1137 3295 1301 3362 codicillis.
1318 3295 1488 3363 Cornuto

204 3403 339 3484 rogauit
370 3406 408 3468 ut
438 3401 533 3469 daret
564 3403 733 3485 sestertia,
766 3406 804 3468 ut
835 3401 970 3488 quidam
1001 3401 1129 3488 dicunt,
1163 3402 1196 3486 0,
1228 3406 1267 3469 ut
1298 3403 1364 3484 alii,
1396 3403 1422 3468 L
1455 3409 1490 3469 et

209 3510 339 3592 argenti
365 3509 448 3575 facti
470 3509 579 3596 pondo
602 3509 723 3592 uiginti
747 3512 783 3575 et
804 3507 905 3575 libros
930 3510 1015 3575 circa
1039 3511 1270 3596 septingentos
1304 3507 1489 3598 [Chrysippi

200 3613 339 3700 (seclus.
356 3616 439 3681 lahn
455 3619 491 3682 et
505 3613 723 3704 Reiffersch.)]
748 3619 820 3682 siue
837 3614 1072 3683 bibliothecam
1094 3637 1191 3682 suam
1213 3636 1353 3682 omnem.
1369 3637 1488 3682 uerum

211 3743 232 3787 a
256 3722 425 3789 Cornuto
458 3723 600 3790 sublatis
625 3722 716 3789 libris
739 3723 883 3809 pecunia
906 3723 1083 3808 0000011000,
1116 3743 1200 3808 quas
1223 3721 1364 3788 heredes
1386 3723 1489 3788 irater

207 3828 344 3911 lecerat,
368 3828 485 3896 relicta
508 3830 597 3916 estfl)

205 4081 392 4148 Κορνοῦτος
418 4081 464 4130 καὶ
487 4075 588 4145 μηδένα
612 4077 679 4131 αὐτὰ
704 4074 836 4131 δύνασθαι
865 4076 1057 4148 ἀναγινώσκειν.
1094 4073 1214 4135 εἰπόντος
1237 4075 1265 4132 δὲ
1288 4080 1409 4149 Νέρωνος
1429 4077 1487 4130 ‘nai

206 4166 371 4238 Χρύσιππος,
390 4164 421 4219 δν
439 4167 552 4224 ἐπαινεῖς
569 4171 615 4219 καὶ
634 4164 727 4235 ζηλοῖς,
745 4164 838 4235 πολλῷ.
852 4164 962 4220 πλείονα
984 4165 1107 4238 ἔγραψεϊ
1132 4167 1292 4238 ἀπεκρίνατο
1310 4167 1405 4223 ἐκεῖνος
1417 4164 1488 4219 ‘dli'

206 4253 294 4309 ἐκεῖνα
311 4255 516 4325 χρησιμωτάτων
533 4254 687 4327 ἀνθρώπων
704 4257 760 4326 βίος
778 4253 856 4320 ἐστί’,
875 4260 920 4309 καὶ
939 4252 982 4308 διὰ
1000 4264 1078 4310 τοῦτο
1090 4252 1273 4326 ἐφυγαδεύθη.
1287 4257 1387 4327 (Legas
1403 4255 1489 4311 uelim

207 4342 322 4416 χρήσιμα
339 4351 376 4414 τῷ
395 4350 449 4398 τῶν
467 4344 619 4416 ἀνθρώπων
636 4346 685 4415 βίῳ
703 4343 777 4401 ἐστι’,
792 4387 798 4403 .
813 4347 838 4416 ..)
1077 4372 1078 4376 =

316 4435 335 4503 1)
354 4435 517 4490 Translator
535 4434 682 4489 Armenius
701 4435 881 4506 Olympiadas
907 4435 989 4490 aliter
1006 4451 1068 4489 eum
1093 4436 1174 4490 annis
1192 4435 1325 4490 Abrahae
1343 4433 1488 4504 componit

201 4526 293 4594 ¹atquo
310 4523 505 4595 Hieronymus

201 4653 204 4658 -
315 4613 334 4682 ⁹)
354 4612 432 4680 Quae
450 4619 605 4684 sequuntur
623 4613 658 4668 de
677 4613 801 4668 Cornuto
821 4617 930 4668 saturas
950 4613 1037 4668 Persii
1055 4617 1230 4668 retractante
1248 4612 1303 4667 alio
1323 4612 1385 4667 1000
1406 4614 1487 4666 erunt

206 4700 389 4772 proferenda:
408 4701 473 4757 uide
491 4720 517 4773 p.
530 4702 574 4757 72.
