3458 5100
753 317 953 384 „3-

214 497 405 581 fragmenta
439 499 504 565 hac
538 496 773 563 dissertatione
811 495 1010 563 collecturus
1049 517 1139 581 sum,
1176 516 1246 562 non
1283 495 1349 562 nisi
1386 516 1495 583 pauca

216 603 382 691 quaedam
406 603 629 671 adumbrauit.
674 602 752 669 Alia
782 602 901 670 deinde
924 602 1062 690 protulit
1084 603 1135 672 rr.
1151 601 1267 668 Osann
1288 602 1325 669 in
1347 601 1493 669 editione

214 732 316 797 supra
339 714 380 797 (p.
397 714 427 794 1)
451 710 520 777 iam
534 709 688 776 laudata:
711 709 757 776 ‘L.
773 709 935 776 Annaeus
951 709 1116 776 Cornutus
1140 709 1182 776 de
1198 712 1321 776 natura
1345 709 1491 776 deorum’

215 816 397 901 Gottingae
417 817 511 885 1844.
555 814 730 883 Accedunt
753 815 789 884 Ε.
805 815 918 901 Zeller,
942 815 1065 886 Philus.
1078 814 1107 882 d.
1121 815 1247 884 Grieoh.
1263 815 1306 882 III
1324 815 1359 881 1⁸
1378 837 1407 903 p.
1425 815 1491 882 689

215 945 240 990 c.
253 924 381 1009 adnot.;
392 923 728 1006 Teuffel-Schwabe,
742 922 859 990 Gesch.
872 923 901 990 d.
913 926 993 990 rim.
1003 922 1080 990 Litt.
1096 923 1150 988 11ὅ
1163 944 1193 1010 p.
1203 923 1282 1007 7263
1298 922 1340 992 M.
1352 922 1492 1006 Schanz,

216 1031 334 1099 Gescia'
359 1030 389 1102 d.
411 1034 491 1098 rim.
513 1030 591 1097 Litt
614 1031 644 1096 H
666 1031 711 1096 2⁹
733 1052 763 1118 p.
779 1030 924 1118 28⁴iseq.
969 1030 1121 1116 Denique
1143 1032 1275 1117 praeter
1305 1049 1493 1116 prosopogr.

212 1140 288 1224 imp.
300 1137 424 1204 Romi
446 1159 477 1224 p.
490 1138 533 1204 56
556 1137 688 1204 nomed
712 1132 927 1205 conserantur
950 1158 991 1204 ea
1014 1157 1100 1223 quae
1124 1137 1257 1224 scripsit
1278 1134 1354 1205 Lde
1366 1136 1491 1221 Arnim,

213 1246 270 1332 qui
304 1244 443 1311 ultimus
480 1265 551 1311 rem
588 1245 700 1328 tetigit
735 1244 771 1309 in
800 1235 924 1331 Pauiyi
954 1243 1145 1312 Wissowae
1179 1241 1348 1330 enoyolop.
1382 1241 1448 1311 uol.
1479 1243 1494 1308 Ι

213 1373 242 1438 p.
259 1352 346 1418 2225
370 1373 395 1418 s.
411 1374 443 1419 u.
458 1351 621 1418 Annaeus
643 1372 697 1418 no.
715 1352 743 1418 5.

302 1458 374 1526 Iam
400 1478 481 1525 uero
503 1457 558 1524 his
582 1458 773 1545 praemissis
804 1456 848 1526 ad
877 1458 1084 1544 propositum
1112 1456 1224 1544 ipsum
1254 1454 1491 1541 aggrediamur.

211 1564 324 1652 Atque
346 1565 452 1632 totius
476 1565 683 1652 quaestionis
705 1563 935 1631 instituendae
950 1562 1208 1630 fundamentum
1224 1563 1287 1630 erit
1300 1563 1373 1646 hoc,
1396 1566 1436 1628 ut
1451 1583 1493 1630 ea

213 1691 300 1756 quse
326 1668 367 1738 de
389 1671 465 1738 uita
487 1671 676 1758 philosophi
698 1671 914 1759 perhibentur
936 1670 1132 1738 testimonia
1146 1669 1398 1756 ascriptoribus
1414 1689 1491 1756 pro-

212 1797 344 1863 ponam.
389 1777 506 1865 Neque
530 1779 620 1845 enim
642 1780 715 1846 sine
737 1778 809 1846 uda
831 1777 1092 1846 contradictione
1119 1797 1206 1863 quae
1234 1776 1493 1864 disputauerunt

212 1884 276 1950 hac
298 1882 340 1952 de
362 1905 397 1951 re
420 1885 485 1952 uiri
507 1884 596 1952 docti
620 1886 710 1952 omni
733 1907 776 1953 ex
798 1887 894 1972 perte
909 1883 1050 1972 probare
1066 1903 1217 1971 possum;
1240 1884 1438 1970 neque'iore
1453 1886 1493 1949 ut

211 1988 296 2057 haec
318 1991 525 2078 quaestionis
548 2012 626 2079 pars
648 1993 684 2058 in
713 1991 1006 2080 reprehensionem
1035 1991 1183 2058 incurrat
1212 2011 1319 2077 spero,
1351 2011 1427 2058 curn
1449 2011 1493 2058 ex

212 2099 417 2165 accuratiore
439 2099 532 2166 uitae
555 2096 775 2185 descriptione
798 2097 1009 2185 aliquantum
1040 2118 1123 2164 sane
1149 2095 1315 2164 redundet
1343 2095 1388 2164 ad
1419 2095 1493 2162 dili-

212 2203 395 2286 gentiorem
419 2203 604 2272 studiorum
627 2207 730 2292 atque
754 2203 924 2272 doctrinae
947 2204 1112 2272 notitiam.
