3458 5100
747 303 961 370 ..33-

215 479 402 566 principum
417 480 472 547 uel
488 479 628 548 aliorum
640 480 841 548 Teucrorum
853 479 990 548 fortium
1000 483 1022 564 ¹)
1039 480 1235 548 mandatam
1252 471 1508 567 offenderant!

216 587 292 653 ideo
315 586 405 672 quod
437 585 591 654 uersibus
626 585 903 654 antecedentibus
932 587 980 654 nil
1009 590 1111 675 poeta
1141 590 1205 656 hac
1229 587 1269 654 de
1291 609 1328 656 re
1350 608 1496 657 comme-

216 697 393 777 morasset,
425 693 592 760 Cornutus
623 697 712 761 ‘uere
744 696 778 762 et
809 693 928 761 melius
950 694 1067 778 sensit,
1101 694 1222 778 dicenS,
1254 698 1386 782 portam
1409 718 1497 784 quae

215 799 310 866 ducis
332 799 470 886 imperio
494 801 672 867 commissa
694 799 816 884 iuerat,
847 801 912 868 hoc
934 804 988 867 est
1018 801 1143 887 clausa,
1176 822 1252 868 eam
1275 808 1496 889 aperuerunt?

216 907 326 988 Quam
359 906 615 993 explicationem
649 927 726 974 cum
763 906 944 975 Ribbeckio
977 906 998 974 l.
1015 929 1040 974 s
1064 930 1095 996 p.
1114 895 1177 975 126
1212 912 1247 976 ct
1280 911 1345 977 181
1381 914 1498 977 contra

215 1012 395 1098 Georgium
425 1013 486 1080 18.
509 1036 539 1101 p.
555 1013 622 1082 426
651 1014 907 1102 probabiliorem
938 1035 1013 1082 esse
1048 1015 1213 1083 existimo.
1256 1016 1373 1103 Neque
1408 1017 1497 1083 enim

216 1141 261 1187 ex
284 1121 392 1187 Seruii
413 1120 536 1205 uerbis,
568 1123 626 1208 qui
648 1120 736 1190 male
767 1121 976 1189 intellexisse
997 1123 1169 1190 Donatum
1192 1121 1343 1191 affirmat
1364 1127 1497 1211 portam

216 1232 383 1315 tanquam
417 1227 577 1295 creditam
609 1228 764 1295 Pandaro
803 1232 839 1295 et
867 1228 992 1312 Bitiae,
1031 1231 1088 1316 qui
1122 1229 1223 1297 duces
1257 1251 1327 1297 non
1360 1229 1495 1315 fuerint,

215 1333 369 1402 concludi
400 1334 513 1417 debet,
545 1338 626 1401 ante
656 1335 827 1402 Donatum
857 1337 1025 1402 neminem
1049 1336 1191 1403 eandem
1214 1337 1392 1422 protulisse
1415 1359 1495 1404 sen-

214 1441 368 1508 tentiam.
424 1441 528 1510 Immo
563 1439 667 1508 talem
705 1445 1006 1509 commentatorum
1039 1442 1295 1530 explicationem
1332 1442 1496 1512 refutauit

216 1547 394 1631 Cornutus,
419 1549 476 1636 qui
498 1548 673 1633 diligenter
695 1548 878 1633 Vergilium
908 1549 1129 1616 lectitauerat
1174 1548 1328 1637 Namque
1351 1571 1427 1617 cum
1449 1551 1496 1617 nil

214 1654 378 1741 deporta
400 1656 548 1734 alicuius,
565 1657 652 1723 curis
675 1656 719 1724 ab
741 1657 859 1722 Aenea
881 1655 1083 1724 abscedente
1106 1656 1269 1725 mandata
1292 1658 1327 1722 in
1350 1659 1495 1724 carmine

215 1760 357 1846 legatur,
381 1766 514 1850 portam
529 1762 623 1829 ducis
639 1763 776 1850 imperio
793 1762 943 1831 clausam
962 1762 1114 1830 indicant
1128 1763 1163 1829 hi
1177 1763 1254 1830 loci:

215 1869 297 1935 Aen.
313 1869 359 1934 IX
374 1869 431 1936 38:

625 1981 644 2040 ‘.
668 2029 675 2044 .
699 2029 706 2044 .
729 1978 859 2062 ingenti
882 1977 1025 2044 clamore
1047 1997 1105 2064 per
1128 1979 1236 2044 omnis

375 2083 524 2150 condunt
546 2105 583 2150 se
606 2084 725 2152 'leucri
747 2088 862 2171 portas
886 2087 920 2151 et
943 2085 1078 2151 moenia
1100 2084 1275 2171 complent.

374 2211 521 2276 namque
544 2191 594 2257 ita
616 2189 790 2258 discedens
812 2194 1029 2278 praeceperat
1051 2193 1209 2278 optumus
1233 2192 1333 2256 armis

376 2300 521 2364 Aeneas:
545 2299 573 2364 si
596 2319 664 2384 qua
686 2298 816 2364 interea
838 2299 976 2364 fortuna
996 2297 1127 2381 fuisset,

374 2425 442 2470 non
466 2407 595 2472 struere
618 2404 782 2472 auderent
804 2405 910 2470 aciem
933 2424 995 2471 nec
1018 2404 1149 2471 credere
1174 2424 1304 2490 camp0;

374 2515 486 2579 castra
509 2510 606 2578 modo
631 2514 665 2578 et
687 2514 781 2578 tutos
804 2513 980 2577 seruarent
1002 2531 1121 2595 aggere
1144 2531 1266 2577 muros.

374 2639 451 2702 ergo
476 2619 540 2686 etsi
563 2617 711 2686 conferre
734 2639 874 2685 manum
896 2617 1002 2704 pudor
1023 2619 1139 2704 iraque
1155 2620 1331 2698 monstrat,

374 2725 523 2792 obiciunt
544 2729 659 2813 portas
683 2729 800 2792 tamen
823 2728 859 2791 et
880 2728 1060 2812 praecepta
1082 2724 1255 2791 iacessunt

374 2835 561 2920 armatique
585 2832 678 2899 cauis
701 2834 883 2920 expectant
905 2831 1054 2898 turribus
1077 2831 1229 2898 hostem:

212 2953 342 3022 Ibidem
366 2957 443 3025 169:

498 3069 517 3130 ‘.
542 3115 548 3130 .
572 3118 580 3130 .
602 3085 665 3131 nec
688 3084 757 3130 non
779 3064 900 3149 trepidi
921 3060 1096 3130 formidine
1119 3065 1234 3148 portas

373 3171 549 3258 explorant
570 3171 749 3258 pontisque
773 3174 808 3237 et
829 3169 1080 3257 propugnacula
1101 3169 1255 3251 iungunt,

372 3278 442 3345 tela
464 3281 592 3363 gerunt
614 3279 723 3345 instat
746 3277 944 3344 Mnestheus
967 3295 1109 3362 acerque
1132 3274 1297 3360 Serestus

373 3406 457 3472 quos
480 3387 576 3471 pater
598 3386 742 3471 Aeneas,
768 3384 931 3472 siquando
956 3381 1100 3450 aduersa
1123 3384 1293 3463 uocarent,

371 3495 516 3558 rectores
539 3493 699 3558 iuuenum
724 3494 759 3558 et
780 3512 890 3557 rerum
914 3489 1006 3556 dedit
1029 3490 1225 3574 magistros?

212 3597 297 3664 Vide
325 3602 500 3685 praeterea
521 3599 568 3665 IX
591 3598 635 3665 54
651 3620 741 3686 seqq.
777 3597 819 3664 66
836 3618 926 3685 seqq.
961 3596 1026 3664 595
1044 3617 1144 3683 seqq,
1180 3594 1302 3682 quibus
1331 3593 1412 3661 locis
1451 3595 1492 3660 de

212 3705 351 3772 inclusis
374 3707 464 3772 intra
486 3709 602 3793 portas
618 3707 771 3772 Troianis
793 3707 957 3770 narratur.
1003 3702 1158 3769 Ceterum
1181 3701 1320 3769 alterius
1343 3701 1491 3789 explica-

210 3813 313 3880 tionis
344 3814 385 3880 de
417 3816 514 3900 porta
544 3813 671 3879 credita
701 3834 769 3879 non
793 3812 891 3878 modo
923 3813 1015 3877 certa
1036 3811 1121 3877 ratio
1156 3830 1225 3876 non
1248 3811 1397 3896 apparet,
1432 3809 1492 3875 sed

211 3919 411 3987 manifestus
444 3923 497 3986 881
528 3940 616 3986 error
647 3941 775 4003 eorum,
807 3920 865 4005 qui
895 3917 935 3984 de
958 3920 1095 3983 Aeneae
1119 3915 1270 3982 absentis
1294 3914 1492 3981 mandatum

211 4027 286 4094 8188
320 4027 449 4111 generis
483 4027 556 4094 siue
588 4025 763 4093 Mnestheo
788 4025 987 4112 Serestoque
1022 4024 1094 4089 siue
1128 4022 1282 4089 Pandaro
1316 4021 1491 4109 Bitiaeque

210 4133 329 4201 datum
361 4134 516 4218 cogitent,
547 4155 590 4201 ex
612 4132 750 4218 Vergilii
779 4132 933 4199 uersibus
957 4131 1003 4197 IX
1021 4129 1084 4198 176
1100 4150 1204 4217 seqq:
1242 4127 1383 4194 ‘Nisus
1420 4131 1492 4196 erat

319 4314 337 4382 ¹)
358 4311 545 4382 Cogitandum
558 4313 603 4367 881
612 4315 725 4383 praeter
734 4310 915 4367 Mnestheum
923 4311 954 4364 et
963 4309 1115 4373 Serestum,
1135 4304 1319 4378 quos‘rerum
1331 4304 1491 4377 magistros'

210 4407 243 4456 et
264 4399 420 4457 ‘ductores’
446 4400 556 4456 iecerat
583 4400 702 4466 Aeneae,
733 4416 798 4455 cum
828 4399 919 4456 abiret
946 4398 983 4453 ad
1008 4397 1171 4453 Euandrum
1198 4395 1335 4452 auxilium
1351 4395 1491 4467 petiturus

208 4489 257 4560 (81.
276 4489 396 4545 Aean
416 4490 465 4546 171
479 4489 567 4563 seqq.)
585 4488 720 4560 imprimis
739 4488 774 4545 de
791 4488 922 4544 Pandaro
941 4491 971 4543 et
989 4486 1073 4553 Bitia,
1093 4485 1140 4557 qui
1157 4488 1270 4556 portam
1284 4480 1510 4539 ‘commissam'

208 4580 358 4635 recludunt
375 4579 422 4651 (lx
439 4579 493 4637 612
505 4579 601 4653 seqq).

317 4668 337 4739 ¹)
356 4667 393 4724 cl.
413 4668 491 4724 Seru.
511 4671 541 4724 et
559 4669 637 4724 Seru.
656 4670 758 4724 auctus
777 4666 813 4723 ad
831 4666 849 4723 l.
863 4683 885 4722 s.
898 4682 920 4720 s.
939 4664 1053 4735 Georgii
1070 4681 1097 4736 p.
1110 4661 1164 4719 426
1176 4679 1235 4734 seq.
