3458 5100
710 310 753 320 ..
798 230 933 338 243..-

179 452 384 521 ‘indecenter
407 471 537 518 saeram
559 450 659 516 matri
682 471 765 516 suae
788 451 919 533 auem1)
952 449 1085 532 sagittis
1107 448 1284 531 figendam’
1317 467 1461 535 suspen-

181 559 273 627 disse
313 561 462 626 Aeneam
500 557 726 624 adnotauerat
764 555 968 642 Cornutusfl)
1007 555 1080 622 sine
1118 554 1365 642 uituperatione
1399 553 1463 620 hoc

184 670 320 754 poetam
343 665 525 753 sumpsisse
550 685 592 732 ex
614 663 751 730 Homeri
774 664 918 730 carmine
941 684 1050 749 neque
1073 663 1183 750 ipsam
1206 660 1326 728 debere
1350 661 1462 728 effen-

182 774 262 840 dere
293 772 491 855 columbam,
523 771 603 860 quia
634 770 729 836 nulla
759 771 833 836 auis
863 791 931 841 non
962 769 1007 835 sit
1037 790 1142 836 saera.
1188 768 1297 850 Quam
1327 767 1464 852 Vergilii

184 879 413 948 defensionem
435 879 621 966 respexisse
644 877 819 945 Vrbanum
849 875 940 944 baud
970 876 1091 943 iniuria
1116 875 1318 963 profitemur,
1343 877 1464 963 quippe

184 987 245 1073 qui
278 985 431 1054 ‘matrem
461 986 560 1055 citius
590 985 741 1072 potuisse
771 984 905 1072 placari’
937 982 1109 1051 addiderit.
1155 981 1251 1064 Quod
1282 983 1365 1048 satis
1396 1002 1465 1047 nen

185 1093 334 1178 intellegi
355 1095 469 1180 potest
497 1092 563 1159 nisi
589 1094 693 1160 antea
723 1091 791 1158 alia
821 1111 945 1174 genera
975 1091 1094 1158 alitum
1125 1091 1199 1156 aliis
1230 1090 1301 1157 deis
1332 1094 1467 1162 sacrata

184 1220 262 1267 esse
296 1202 464 1268 statutum
498 1201 550 1268 sit
596 1197 693 1266 Vnde
728 1201 868 1286 apparet
902 1218 1003 1285 quam
1041 1219 1120 1264 uere
1155 1197 1250 1264 'Philo
1285 1197 1320 1262 in
1359 1195 1467 1264 Seruii

187 1306 368 1375 uoluminis
399 1305 539 1393 lpraef.
571 1327 601 1392 p.
624 1304 702 1372 XVI
736 1303 857 1372 adn.2
891 1304 1025 1372 Velium
1058 1303 1210 1388 Longum
1245 1303 1467 1391 antiquiorem

184 1412 293 1480 fuisse
316 1412 453 1480 Vrbano
477 1411 605 1480 dixerit.

295 1519 339 1586 Hi
360 1520 428 1587 lere
458 1522 538 1587 sunt
570 1519 626 1607 qui
650 1517 787 1586 Oomuti
809 1519 996 1586 sententias
1023 1518 1303 1606 impugnauerint.
1344 1519 1416 1583 Iam
1439 1518 1468 1582 si

189 1626 223 1693 id
245 1627 375 1710 agimus
398 1630 439 1694 ut
460 1627 641 1710 imaginem
662 1624 833 1692 doctrinae
864 1625 953 1692 illius
985 1646 1027 1692 ex
1057 1626 1369 1692 commentariorum
1391 1624 1468 1691 reli-

186 1733 276 1820 quiis
301 1732 498 1816 efficiamus,
521 1731 677 1800 functum
701 1754 775 1801 esse
797 1732 981 1799 Cornutum
1012 1733 1166 1800 omnibus
1187 1733 1256 1800 fere
1278 1732 1468 1820 interpretis

188 1838 311 1906 officiis
328 1839 567 1924 cognoscimus.
596 1841 647 1907 Ac
661 1841 804 1926 primum
819 1838 954 1927 quidem
969 1838 1153 1907 secundum
1168 1840 1469 1907 Alexandrinorum

187 1949 482 2031 grammaticorum
512 1946 789 2014 consuetudinem
819 1946 1072 2034 quaestionibus
1104 1945 1302 2030 soluendiso
1335 1967 1470 2032 operam

191 2052 285 2119 illum
308 2052 438 2121 dedisse
462 2074 564 2140 supra
587 2053 731 2120 uidimus
755 2057 795 2140 (p.
812 2054 865 2136 31>
890 2075 932 2120 ex
956 2053 1063 2119 Seruii
1085 2054 1198 2120 uerbis
1221 2053 1265 2119 ad
1280 2055 1362 2120 Aen.
1378 2051 1470 2118 1488

187 2163 210 2226 ⁴.
234 2213 241 2227 .
265 2211 272 2227 .
295 2160 462 2228 cornutus
492 2162 608 2227 tamen
631 2158 711 2226 dicit
740 2181 841 2227 uersu
871 2161 937 2226 isto
961 2212 968 2227 .
992 2211 999 2226 .
1023 2213 1030 2227 .
1054 2159 1117 2226 hoc
1145 2181 1219 2227 esse
1251 2159 1468 2227 soluendum?

193 2267 319 2334 Deinde
335 2270 492 2335 uersatus
508 2270 561 2334 est
576 2267 611 2333 in
627 2267 919 2351 grammaticorum
934 2266 1119 2334 notissimis
1140 2267 1254 2334 officiis
1264 2264 1472 2333 emendandi

188 2376 229 2440 et
248 2372 446 2461 explicandi,
480 2394 555 2441 cum
583 2372 809 2457 distinguendi
832 2373 1020 2460 exemplum
1043 2376 1178 2461 propter
1198 2375 1471 2457 fragmentorum,

191 2481 292 2546 sicuti
314 2481 463 2565 arbitror,
488 2481 694 2567 paucitatem
719 2483 821 2567 atque
837 2480 977 2548 lacunas
1000 2479 1129 2546 nullum
1144 2479 1345 2546 inueniatur.
1373 2478 1472 2545 oriu-

190 2607 253 2673 cee
277 2589 392 2654 autem
404 2589 506 2673 ¹artis,
531 2609 633 2675 quam
647 2607 765 2673 parurn
787 2586 928 2654 feliciter
943 2589 1131 2655 exercuisse
1146 2587 1280 2654 uidetur
1295 2587 1471 2670 cornutus,

190 2694 346 2780 exempla
376 2695 597 2761 uastauimus
627 2716 657 2781 p.
675 2693 720 2760 34
750 2715 816 2780 seq.
841 2694 989 2776 (Seruius
1010 2698 1141 2768 ,auctus
1169 2694 1213 2761 ad
1236 2714 1344 2778 georg.
1368 2694 1473 2761 1277.

194 2801 276 2868 Aen.
291 2802 369 2868 145.
392 2800 492 2868 1150.
516 2801 562 2868 IX
582 2801 667 2885 346).
706 2803 754 2868 Ac
776 2822 895 2868 uereor
921 2805 960 2868 ut
986 2801 1112 2868 felicior
1132 2800 1234 2868 fuerit
1256 2801 1315 2867 ubi
1338 2801 1378 2867 de
1402 2801 1472 2867 sin-

193 2907 280 2990 golis
303 2908 444 2975 uocibus
466 2906 523 2974 uel
546 2908 703 2995 epithetis
717 2908 889 2975 iudicauit.
918 2908 1056 2992 (Gellius
1071 2908 1128 2975 116
1145 2908 1189 2975 ad
1206 2909 1262 2975 ecl.
1278 2908 1375 2975 Vl‘lb
1384 2929 1474 2994 seqq.

192 3035 301 3098 georg.
316 3015 469 3101 Hl4seq.
492 3017 574 3081 Aen.
590 3014 705 3081 X3l4.
730 3015 837 3082 Schol.
849 3015 924 3082 Ver.
939 3017 1022 3082 Aen.
1036 3015 1081 3080 ΙΠ
1093 3015 1166 3082 691.
1190 3014 1303 3081 Vrsa.
1336 3014 1474 3082 Seruius

192 3123 317 3188 auctus
340 3121 385 3188 ad
407 3121 490 3188 Aen.
506 3121 646 3204 111691).
693 3123 892 3208 Quanquam
916 3123 952 3187 hi
974 3120 1038 3188 loci
1068 3112 1365 3189 commentatorem
1390 3122 1474 3188 satis

193 3227 387 3312 diligentem
414 3249 524 3315 neque
546 3228 718 3295 indoctum
751 3229 900 3295 criticum
923 3228 1075 3316 produnt.
1123 3229 1337 3315 Vituperauit
1360 3231 1475 3296 autem

194 3337 331 3420 poetam
355 3333 521 3402 Cornutus
544 3339 678 3423 propter
708 3336 812 3402 uerba
833 3335 999 3402 incuriose
1022 3339 1058 3402 et
1081 3335 1211 3402 abiecte
1236 3339 1364 3424 (=per
1386 3337 1474 3421 tapi-

304 3513 322 3582 ¹l
342 3513 506 3568 Columbam
523 3529 607 3568 auem
618 3513 734 3569 Veneris
751 3529 862 3568 sacram
871 3513 1011 3570 Cornutus
1028 3512 1090 3586 ipse
1109 3514 1254 3584 significat
1271 3515 1301 3569 in
1312 3513 1489 3586 theologiae·
1576 3492 1578 3496 ¹

197 3600 363 3672 compendio
383 3618 407 3656 c.
425 3600 461 3656 24
478 3618 504 3673 p.
517 3601 590 3667 46,9
608 3602 640 3657 Ιι.

304 3690 325 3761 ⁹)
343 3690 483 3762 Interpres
501 3689 671 3746 Veronensis
695 3690 733 3746 ed
759 3689 776 3745 l.
796 3707 819 3745 e.
838 3707 860 3745 s.
885 3689 959 3760 (uide
984 3690 1058 3746 infre
1076 3707 1102 3762 p.
1120 3690 1180 3761 Sil:
1216 3688 1329 3761 ‘Long.:
1355 3689 1477 3761 adnotat

195 3777 346 3844 Cornutus,
365 3779 441 3850 quod
458 3779 621 3834 indecenter
638 3795 749 3835 sacram
767 3778 852 3834 matri
869 3795 939 3834 suae
964 3796 1047 3834 auem
1072 3779 1186 3850 sagittis
1209 3777 1353 3848 figendam
1372 3777 1476 3833 consti·

198 3866 293 3922 tuerit.
312 3867 368 3922 Sed
387 3867 519 3923 uidelicet
537 3868 689 3923 Homerum
712 3871 827 3924 secutus
852 3871 907 3934 est;
935 3867 985 3923 sed
1010 3872 1040 3923 et
1058 3869 1158 3923 eodem
1177 3867 1262 3923 modo
1280 3883 1478 3939 quamcunque

197 3955 287 4010 aliam
313 3972 397 4010 auem
425 3956 583 4028 expositam
610 3957 688 4028 queri
717 3956 820 4028 (queat
847 3957 914 4012 eod:
939 3958 1016 4028 queri
1034 3959 1142 4026 Augelo
1161 3957 1232 4012 Mai:
1250 3973 1405 4027 quocunque
1422 3954 1479 4012 alic

202 4061 256 4100 cae
273 4046 395 4116 aposita
412 4046 508 4116 quaeri
526 4046 648 4116 Georgii)
667 4047 770 4118 potuit,
799 4046 866 4118 quia
892 4047 1003 4117 singula
1029 4063 1134 4117 genera
1158 4046 1258 4100 alitum
1276 4045 1336 4100 Diis
1365 4045 1478 4116 quibus-

198 4149 314 4204 cunque
332 4137 446 4190 sacrata
464 4133 539 4190 sunt'
559 4151 582 4190 e.
602 4153 628 4207 q.
647 4152 670 4190 s.
690 4166 723 4174 —
742 4135 778 4192 cf.
796 4138 943 4208 praeterea
962 4136 1040 4192 Seru.
1059 4136 1096 4190 ad
1108 4134 1217 4190 AemV
1234 4134 1301 4191 517:
1319 4133 1337 4189 ‘.
1356 4175 1363 4190 .
1383 4175 1389 4190 .
1409 4151 1479 4203 sane

201 4221 347 4277 sciendum
365 4222 441 4278 hunc
459 4225 554 4278 totum
571 4225 665 4279 locum
683 4226 720 4280 ab
738 4223 859 4279 Homero
879 4241 943 4280 esse
960 4227 1116 4296 sumptum:
1136 4224 1211 4279 unde
1231 4223 1323 4278 inanis
1343 4227 1388 4279 est
1405 4223 1479 4277 uitu-

201 4311 311 4382 peratio
330 4313 452 4378 Aeneae,
471 4312 548 4384 quod
567 4313 752 4383 suspenderat
769 4329 852 4368 auem
876 4315 1040 4368 maternam.
1069 4329 1136 4368 nam
1161 4315 1191 4368 et
1215 4328 1258 4366 res
1277 4316 1322 4367 est
1339 4313 1479 4368 translata

203 4399 366 4472 simpliciter
383 4403 413 4456 et
425 4416 621 4473 quamcunque
638 4401 831 4474 suspendisset
843 4419 934 4468 auem,
947 4402 976 4456 in
990 4401 1066 4457 banc
1078 4401 1214 4457 incideret
1227 4401 1477 4473 uituperationem:

202 4488 280 4543 nulla
297 4490 372 4544 enim
390 4490 452 4545 auis
470 4493 549 4546 caret
567 4491 787 4558 consecratione,
801 4491 867 4562 quia
885 4491 1014 4561 singulae
1032 4507 1100 4546 aues
1118 4490 1279 4546 numinibus
1297 4493 1364 4545 sunt
1382 4505 1479 4544 conse·

200 4580 306 4634 cratae.
317 4579 488 4650 'quanquam
506 4579 637 4634 Vrbanus
656 4579 740 4646 dieat,
759 4583 878 4634 matrem
898 4579 980 4635 eitius
999 4580 1126 4651 potuisse
1144 4578 1266 4650 placari'.

232 4729 237 4736 ¹
280 4733 281 4738 ¹
310 4669 329 4737 θ)
349 4667 386 4723 cf.
406 4667 525 4740 ἀπορίας,
546 4657 714 4740 ἀπορῆματα,
735 4665 858 4736 ζητήσεις,
879 4666 1024 4736 ζητήματα,
1042 4665 1221 4740 προβλήματα
1238 4700 1274 4710 -
1292 4665 1368 4721 λύειν.
