3458 5100
697 309 919 376 ..13-

165 489 324 572 tissimos
349 488 407 577 qui
428 486 611 557 laudantur
632 485 669 552 in
690 486 817 554 Lucani
839 486 913 552 uita
935 484 1061 572 (Vacca
1083 484 1220 553 Sueten.
1243 507 1273 572 p.
1285 488 1339 571 77,
1352 485 1375 552 4
1389 487 1448 572 la),

166 596 232 664 etsi
254 595 429 663 nominum
450 593 577 661 mentio
599 593 702 680 plana
725 613 793 661 non
815 592 867 676 iit,
891 591 995 659 etiam
1011 592 1194 660 Comutum
1215 592 1366 678 intellegi
1387 596 1448 661 tuo

166 705 238 771 iure
261 701 441 770 arbitraris.
475 700 554 767 Fuit
576 701 750 788 praeterea
771 699 928 766 Lucanus
951 720 1026 766 cum
1049 701 1261 786 praeceptore
1282 700 1317 765 in
1334 721 1449 767 eorum

166 830 315 893 numero,
332 829 416 896 quos
432 827 547 874 secum
562 826 761 890 congregare
773 805 904 875 solebat
914 805 1000 872 Nero
1011 805 1247 890 (VitaSuetcn.
1260 828 1289 893 p.
1299 807 1448 891 51,2R.)‚

168 914 228 983 sed
242 917 373 1003 partem
396 917 532 982 secutus
556 915 610 980 est
632 912 900 980 aduersariorum
921 913 1139 1000 imperatorie,
1164 913 1222 1002 qui
1236 917 1449 1001 praesentem

168 1021 507 1109 rerumpublicarum
530 1022 659 1087 statum
681 1040 780 1104 aegre
803 1018 963 1087 ferebant.

275 1128 403 1195 Deinde
434 1130 507 1194 arto
540 1126 707 1196 amicitiae
738 1126 872 1193 uinculo
900 1126 1005 1193 iuncti
1028 1129 1125 1194 erant
1147 1126 1291 1194 Oomutc
1315 1130 1451 1215 propter

169 1235 360 1304 communia
384 1234 572 1302 litterarum
602 1233 717 1300 studia
738 1232 978 1300 Petronius
1008 1233 1313 1300 Aristocrates
1347 1237 1450 1321 atque

170 1340 382 1411 Claudius
411 1340 706 1425 Agatburnus
758 1340 999 1408 Aristocratem
1030 1344 1145 1407 autem
1167 1340 1341 1424 Magnesia
1367 1341 1450 1407 urbe

169 1447 344 1516 oriundum
368 1448 513 1515 eundem
536 1468 611 1515 esse
634 1447 692 1534 qui
714 1450 991 1515 commemoratm
1006 1469 1028 1514 a
1043 1445 1170 1514 Galerio
1181 1449 1204 1535 ¹)
1220 1445 1262 1514 de
1278 1447 1450 1534 composit.

169 1555 400 1625 medicament.
409 1553 470 1622 XII
481 1575 511 1641 p.
521 1554 596 1622 878.
605 1553 718 1621 87914.
734 1553 875 1621 coniecit
889 1553 931 1620 Μ.
939 1553 1133 1622 Wellmann
1147 1554 1238 1642 apud
1248 1553 1451 1621 Wissowam

170 1662 235 1730 uol.
252 1662 282 1728 Il
304 1684 334 1749 p.
350 1661 415 1728 941
432 1683 458 1730 a.
471 1684 502 1728 u.
518 1661 741 1731 Aristocrates
763 1681 816 1728 no.
832 1662 884 1729 27.
922 1660 1039 1748 Neque
1056 1660 1211 1728 offendas
1226 1661 1337 1744 uelim,
1362 1659 1451 1749 quod

31 1861 33 1869 .
171 1767 359 1856 appellatur
397 1769 635 1852 grammaticus
675 1789 697 1834 a
729 1767 871 1852 Galerio,
909 1768 1127 1855 philosophus
1166 1791 1187 1835 a
1221 1768 1326 1836 Persii
1359 1769 1452 1835 uitae

171 1878 317 1960 auctore,
353 1876 475 1962 quippe
508 1895 595 1962 quae
629 1878 719 1942 recte
754 1875 937 1950 consociari
968 1896 1067 1961 posse
1102 1897 1144 1942 ex
1177 1877 1283 1963 ipsius
1315 1876 1453 1943 Oomuti

172 1983 324 2069 exemplo
348 1984 518 2069 appareat
563 1981 702 2048 Accedit
724 1981 813 2069 quod
835 1981 1000 2048 medicum
1023 2003 1155 2070 quoque
1184 1983 1278 2049 illum
1300 1983 1454 2050 nominat

173 2089 331 2172 Galenus,
363 2086 397 2155 id
426 2087 516 2175 quod
548 2109 624 2154 cum
647 2089 793 2176 quadam
816 2088 1062 2175 probabilitatis
1086 2090 1195 2176 specie
1216 2088 1308 2156 haud
1331 2090 1454 2158 iniuria

171 2195 316 2263 fortasse
348 2193 573 2261 transferatur
603 2195 638 2264 in
668 2196 758 2262 hunc
788 2196 830 2261 de
861 2216 927 2282 quo
954 2195 1065 2279 agitur
1086 2195 1274 2283 philosophi
1298 2197 1453 2281 amioum,

174 2302 332 2389 quoniam
355 2322 426 2369 una
448 2321 524 2367 cum
546 2301 744 2385 Agathurno
767 2301 894 2370 medico
918 2305 1202 2370 commemoratur.

278 2408 329 2475 De
362 2409 426 2476 boc
460 2411 575 2475 autem
609 2409 681 2476 uiro
715 2409 763 2475 nil
796 2409 864 2476 iam
898 2409 1068 2492 cognitum
1098 2410 1271 2495 habemus,
1308 2430 1383 2476 cum
1410 2430 1454 2475 ne

172 2537 296 2583 nomen
327 2515 461 2602 quidam
491 2515 595 2601 ipsius
625 2515 793 2600 integrum
824 2518 976 2582 seruetur
1008 2537 1029 2582 a
1059 2517 1225 2583 codicibus
1249 2515 1340 2605 (uide
1364 2539 1394 2603 p.
1410 2517 1454 2602 5).

174 2625 247 2705 Qua
284 2623 324 2689 de
361 2643 465 2689 causa
498 2643 585 2708 quae
619 2622 759 2710 protulit
780 2621 974 2689 Wellmann
1003 2624 1093 2710 apud
1116 2623 1320 2692 Wissowam
1353 2623 1455 2692 uoll

172 2752 206 2822 p.
220 2729 285 2798 745
309 2729 400 2796 n0.8
423 2727 465 2796 de
487 2728 658 2813 Agathino
682 2727 837 2816 quodam,
872 2727 914 2797 de
944 2751 1010 2817 quo
1042 2729 1257 2814 cogitandum
1279 2751 1354 2798 esse
1377 2733 1456 2818 post

174 2836 301 2904 Osanni
335 2835 560 2903 coniecturam
593 2837 738 2904 nominis
772 2836 892 2924 aliquis
931 2836 1065 2921 disent,
1106 2836 1293 2905 omittenda
1325 2838 1454 2925 putaui.

174 2944 290 3031 Neque
328 2942 510 3038 quidquam
539 2942 707 3010 lucramur
741 2964 784 3010 ex
823 2943 955 3010 duobus
986 2945 1235 3031 epigrammatis
1267 2943 1457 3012 01811750

175 3051 232 3135 (=
247 3048 367 3116 Kaibel
390 3049 488 3136 epigr.
511 3070 556 3134 gr.
572 3049 663 3138 554):
686 3051 849 3123 Κλαύδιος
872 3052 962 3136 ἰητὴρ
976 3053 1198 3137 Ἄγαθήμερος
1217 3053 1335 3118 ἐνθάδε
1350 3059 1456 3136 κεῖμαι

176 3162 210 3225 ei
234 3158 312 3225 CISI
332 3157 421 3224 2064
442 3157 500 3245 (--
515 3158 581 3224 558
592 3157 658 3248 K.):
682 3160 902 3232 ...Κλαύδιος
925 3160 1015 3244 ἰητὴρ
1037 3160 1220 3241 Ἄγοθεῖνος
1233 3210 1240 3223 .
1253 3211 1261 3225 .
1273 3210 1290 3242 .,
1315 3179 1456 3246 quorum

176 3263 378 3332 medicorum
408 3265 550 3332 alterum
573 3264 721 3332 uirorum
750 3264 958 3354 doctorum)
992 3265 1090 3332 alteri
1119 3268 1364 3353 proposuerunt
1393 3266 1457 3331 hoc

176 3371 248 3440 loco
278 3371 549 3455 intellegendum.
596 3371 661 3438 Sed
691 3371 785 3440 nulla
815 3375 869 3440 est
890 3369 1006 3440 relicta
1028 3371 1221 3454 auctoritas,
1246 3387 1333 3459 quae
1356 3371 1456 3459 plane

176 3500 246 3546 rem
277 3478 446 3565 expediat;
477 3478 540 3546 hoc
570 3481 686 3546 tamen
716 3478 899 3547 tenendum
932 3482 992 3562 est
1024 3479 1205 3546 artissimo-
1221 3479 1332 3545 studio
1363 3477 1457 3544 illum

177 3585 342 3654 medicum
364 3583 666 3653 Lacedaemonium
697 3606 772 3652 cum
796 3585 943 3653 Cornuto
972 3587 1008 3652 in
1031 3585 1260 3673 philosophiae
1284 3583 1458 3671 disciplina

179 3694 352 3759 uersatum
376 3713 460 3760 esse.

284 3798 356 3864 Iam
368 3797 521 3866 uidemus
535 3799 816 3867 nobilissimorum
830 3800 1004 3867 hominum
1020 3797 1260 3867 consuetudine
1273 3798 1458 3866 Cornutum

180 3926 279 3972 usum
312 3926 404 3989 esse;
438 3905 556 3974 deinde
588 3906 713 3974 multos
741 3906 918 3994 discipulos
949 3928 992 3975 ex
1015 3907 1087 3974 sius
1111 3905 1285 3992 disciplina
1307 3904 1457 3992 prodisse
1573 3903 1576 3910 ’

180 4034 223 4079 ex
255 4013 361 4080 Cassii
391 4011 507 4080 Dionis
537 4014 649 4081 uerbis
671 4012 760 4099 (uide
782 4035 815 4101 p.
829 4012 864 4100 4)
894 4016 1124 4098 εὐδοκιμοῦντα
1153 4015 1221 4079 τότε
1251 4015 1301 4078 ἐπὶ
1331 4014 1459 4097 παιδείᾳ

179 4119 415 4188 concludimus
462 4118 557 4202 Quod
588 4121 616 4186 si
645 4123 842 4208 reputamus
872 4122 956 4187 satis
988 4124 1079 4188 certa
1109 4119 1301 4187 coniectura
1323 4119 1459 4205 assequi

180 4246 369 4313 possumus,
402 4226 495 4294 haud
520 4247 639 4313 parum
661 4226 810 4295 ualuisse
834 4226 1017 4294 Cornutum
1041 4229 1142 4294 etiam
1166 4225 1255 4313 apud
1279 4247 1336 4295 eos
1359 4227 1459 4310 uiros,

287 4477 306 4545 ¹)
325 4475 363 4531 cl.
381 4492 409 4547 p.
421 4473 533 4534 8791st
554 4479 660 4533 ...καὶ
676 4473 763 4530 πολλὰ
780 4483 828 4530 τοῦ
841 4475 1059 4548 Ἀριστοκράτους
1075 4481 1270 4547 γραμματικοῦ.

289 4565 309 4633 ²)
336 4564 378 4620 De
396 4565 588 4636 Agatbemero
608 4566 746 4638 cogitauit
762 4567 833 4624 lehn
856 4567 887 4622 in
904 4566 993 4622 Persii
1012 4565 1078 4620 edit
1096 4582 1122 4636 p.
1135 4564 1188 4621 235
1206 4581 1229 4620 c.
1248 4565 1345 4620 adnot.
1358 4563 1391 4618 11
1412 4562 1460 4633 (cf.

180 4653 280 4710 Kaibel
298 4653 316 4709 1.
329 4653 377 4725 a),
403 4655 437 4710 de
455 4654 601 4725 Agathino
620 4655 716 4712 Osann
734 4655 752 4712 l.
763 4672 785 4711 s.
798 4671 825 4726 p.
835 4654 923 4711 XVlll
935 4657 967 4710 et
975 4654 1135 4710 Wellmann
1147 4654 1223 4726 apud
1233 4653 1401 4794 wgssowan
1412 4652 1460 4710 le.

233 4749 324 4806 nappe.
