3458 5100
775 288 998 354 ..34-

246 464 363 550 portae
395 466 509 530 custos
534 463 655 531 ...it
684 463 782 532 iuxta
812 485 924 532 comes
954 464 1204 555 Euryalus.
1229 470 1364 534 ..tum
1395 491 1529 557 quoque

247 571 414 636 communi
436 575 569 657 portam
592 570 936 638 stationstenebant'
961 572 1092 639 collatis
1114 594 1170 640 uu
1187 573 1233 639 IX
1255 575 1320 641 221
1334 595 1437 662 seqq:

354 694 645 761 “‘adseleremus”
662 696 710 762 ait
731 699 786 777 (sc.
802 693 987 784 Euryalus).
1011 697 1128 781 uigiles
1152 696 1252 765 simul
1274 698 1409 784 excitat,
1433 699 1482 767 illi

353 801 538 869 succedunt
561 804 764 890 seruantque
787 803 892 870 uices:
916 803 1063 870 statione
1086 804 1203 871 relicta

352 910 423 994 ipse
447 929 557 975 comes
580 907 662 976 Niso
685 909 844 994 graditur,
867 930 1046 997 regemque
1068 912 1262 999 requirunt’,

246 1033 304 1099 ubi
333 1032 443 1119 planis
473 1032 585 1100 uerbis
616 1033 754 1120 quinam
783 1032 973 1117 uigiliarum
1004 1034 1151 1101 osticium
1183 1039 1300 1123 portae
1332 1036 1529 1105 custodibus

245 1138 443 1206 tradiderint
464 1139 665 1226 perhibetur.
710 1138 808 1208 Vnde
831 1143 966 1207 constat
987 1144 1077 1208 recte
1094 1140 1278 1209 Cornutum
1300 1144 1383 1211 Aen.
1399 1144 1445 1210 IX
1460 1145 1527 1212 672

245 1250 377 1333 portam
399 1245 561 1329 {clausam
594 1245 801 1314 intellexisse
839 1267 967 1334 suoque
1001 1247 1073 1315 iure
1107 1247 1201 1315 illum
1239 1247 1364 1317 contra
1394 1251 1527 1318 cdhcos

245 1352 428 1437 Vergilium
462 1351 660 1421 defendisse.
717 1352 864 1434 Quorum
899 1353 1085 1421 criticorum
1123 1375 1317 1443 quanquam
1356 1357 1403 1424 eis
1441 1379 1528 1444 quos

245 1460 467 1527 tractauimus
488 1459 570 1526 locis
593 1459 783 1527 sententias
807 1479 866 1547 per
888 1481 925 1528 ss
948 1462 1033 1528 satis
1056 1464 1295 1548 agnoscuntur,
1319 1466 1434 1530 tamen
1457 1484 1526 1531 non

245 1569 466 1635 innotuerunt
487 1567 635 1634 nomina.
680 1566 860 1634 Praeterea
883 1589 951 1634 non
973 1568 1039 1634 nisi
1062 1567 1104 1635 ad
1120 1567 1287 1635 Aeneidos
1302 1591 1421 1637 uersus
1443 1571 1529 1638 talia

246 1694 413 1740 occurrere
445 1673 558 1760 qualia
588 1672 769 1740 refutanda
801 1675 949 1761 suscepit
979 1673 1145 1741 Cornutus
1176 1675 1340 1760 uidemus,
1377 1697 1452 1744 oum
1485 1677 1525 1744 de

246 1781 434 1865 eclogarum
457 1783 560 1868 atque
575 1781 752 1864 georgicon
777 1801 861 1867 quos
877 1784 1046 1848 recensuit
1059 1781 1141 1848 locis
1157 1782 1264 1849 simile
1280 1783 1359 1870 quid
1376 1786 1526 1851 statuere

244 1909 313 1954 non
337 1909 421 1975 opus
437 1888 489 1954 sit.
519 1886 574 1953 Nil
591 1887 678 1953 enim
694 1886 820 1970 ualst²)
837 1886 926 1975 quod
950 1908 971 1953 a
988 1887 1104 1956 Seruio
1122 1891 1222 1956 aucto
1248 1888 1291 1956 ad
1312 1910 1421 1975 georg.
1434 1891 1449 1957 Ι
1460 1892 1527 1959 277

245 2000 285 2083 (p.
301 1995 355 2078 79)
378 1994 507 2061 Probus
535 1997 615 2061 ante
640 1993 824 2061 cornutum
847 1994 1054 2075 nominatur,
1087 1995 1166 2082 quia
1189 1995 1288 2063 Probi
1319 2018 1418 2064 curae
1441 1998 1525 2064 Ver-

245 2103 388 2185 gilianas
411 2105 488 2189 post
504 2100 642 2168 (lomutl
665 2101 923 2169 commentarios
939 2121 1014 2168 esse
1038 2101 1211 2170 coniectae
1234 2102 1392 2170 uidentur
1414 2125 1526 2191 neque

245 2209 329 2276 satis
361 2211 511 2291 constat,
547 2207 636 2275 unde
671 2207 808 2275 sciuerit
838 2207 1022 2275 scholiasta
1051 2209 1140 2276 hanc
1162 2209 1299 2276 Cornuti
1327 2211 1526 2298 scripturam

246 2315 401 2383 uocabuli
425 2317 535 2401 mous,
561 2336 662 2402 quam
685 2335 754 2382 non
776 2316 907 2381 tamin
930 2317 1176 2382 commentariis
1201 2315 1400 2400 Vergilianis
1423 2338 1526 2404 quam

244 2425 279 2489 in
314 2444 412 2510 opere
448 2421 593 2511 quodam
627 2424 845 2505 grammatico
880 2422 976 2489 uelut
1007 2423 1042 2488 in
1073 2422 1184 2490 libello
1215 2423 1256 2490 de
1288 2423 1527 2512 orthographia

245 2531 366 2615 scripto
402 2529 552 2596 inuenire
586 2529 705 2615 potuit.
750 2529 789 2594 In
823 2549 889 2615 quo
912 2549 948 2594 re
982 2549 1064 2595 uera
1087 2528 1128 2596 de
1159 2527 1385 2616 adspiratione
1417 2532 1525 2615 egisse

245 2637 429 2703 Cornutum
451 2634 573 2702 docent
588 2632 788 2701 cassiodorii
811 2638 970 2722 excerpta
985 2632 1041 2701 GL
1058 2635 1118 2700 VH
1140 2657 1169 2722 p.
1187 2636 1252 2702 152
1275 2635 1329 2720 K.;
1353 2635 1394 2703 de
1416 2635 1526 2705 Probo

244 2743 321 2809 uide
344 2740 432 2808 inira
455 2763 484 2828 p.
501 2740 544 2808 35
560 2761 650 2828 seqq.

352 2847 446 2929 Quod
470 2847 514 2914 ad
537 2847 722 2914 doctrinam
745 2847 780 2912 in
811 2847 1058 2913 commentariis
1090 2846 1275 2915 exhibitam
1298 2849 1432 2934 attinet,
1456 2871 1525 2918 non

244 2977 288 3023 ex
310 2943 383 3022 aliis
416 2954 609 3022 auctoribus
639 2954 824 3040 sumpsisse
847 2952 994 3038 singula,
1027 2952 1086 3020 sed
1110 2975 1209 3020 suum
1239 2955 1344 3041 ipsius
1366 2956 1525 3023 iudicium

245 3065 381 3130 secutus
413 3083 487 3128 esse
510 3061 676 3128 Cornutus
708 3060 850 3128 uidetur.
896 3059 1012 3147 Neque
1036 3060 1175 3128 alterius
1207 3061 1390 3147 cuiusdam,
1423 3084 1525 3150 quam

245 3168 434 3236 adhibuerit
467 3172 598 3256 praeter
632 3189 732 3235 suum
764 3167 942 3254 exemplar,
979 3166 1134 3235 editionis
1165 3169 1350 3235 carminum
1380 3169 1527 3254 uestigia

244 3275 445 3343 remansisse
467 3278 549 3362 puto
571 3275 608 3341 in
631 3277 679 3342 eis
703 3274 987 3358 adnotationibus
1012 3273 1134 3362 quibus
1154 3274 1331 3342 lectionem
1355 3275 1526 3362 quandam

244 3383 489 3469 discrepantem
519 3381 591 3448 siue
622 3381 872 3449 commendauit
898 3382 970 3448 siue
1001 3381 1211 3469 improbauit.
1258 3381 1350 3463 Quae
1372 3382 1422 3449 ita
1445 3386 1528 3449 sunt

243 3492 457 3576 comparatae
480 3491 520 3555 ut
535 3489 579 3555 ad
594 3489 700 3575 ipsius
717 3489 942 3556 coniecturam
958 3488 1108 3555 reuocari
1123 3507 1223 3575 posse
1239 3488 1321 3555 mibi
1335 3487 1524 3556 uideantur.

244 3595 298 3664 Sic
320 3597 403 3664 Aen.
418 3595 491 3662 145
515 3595 727 3663 scribendum
749 3595 922 3684 proposuit
945 3592 1159 3682 ‘scopuloque
1182 3596 1308 3678 inflixit
1331 3598 1442 3662 acuto’
1465 3617 1525 3683 pro

242 3705 354 3787 infiati
394 3705 512 3770 contra
542 3701 693 3770 codicum
725 3701 976 3786 auctoritatem
1009 3702 1136 3784 inflabit
1166 3701 1255 3768 enim
1289 3701 1525 3769 uehementius

245 3832 319 3878 esse
338 3810 484 3897 putabat
507 3808 604 3891 (inira
626 3830 657 3897 p.
673 3808 737 3892 80).
784 3808 1043 3895 comparauerat
1065 3805 1210 3874 fortasse
1231 3806 1367 3892 Vergilii
1389 3829 1525 3876 uersum

244 3917 285 3984 de
308 3916 480 3984 Tarchone
510 3914 688 4001 naufrago,
719 3916 814 3982 ouius
844 3935 968 3982 nauem
992 3913 1123 3981 AenX
1146 3914 1211 3981 303
1243 3915 1416 3997 ‘iqflt'ctom
1444 3915 1527 3982 uadi

244 4023 341 4090 dorso
364 4024 488 4111 iniquo'
505 4023 659 4090 nominat
680 4023 791 4110 poeta.
829 4021 957 4088 Deinde
973 4022 1057 4088 Aen
1073 4021 1088 4087 Ι
1103 4020 1168 4087 150
1192 4026 1232 4109 (p.
1248 4021 1302 4104 80>
1327 4021 1525 4108 scripturam

243 4132 388 4218 ‘iamque
402 4131 493 4198 laces
510 4133 545 4197 et
560 4150 645 4197 saxa
668 4131 793 4199 acuar
809 4166 855 4176 —
871 4125 979 4210 (multi
1001 4130 1117 4198 uotum
1131 4127 1342 4212 inuenerant)
1359 4167 1412 4211 —,
1437 4149 1526 4216 quae

243 4237 367 4304 uostris
397 4236 496 4304 hodie
527 4236 773 4324 exemplaribus
805 4236 1006 4320 continetur,
1037 4233 1206 4301 tuebatur.
1253 4235 1346 4317 Quae
1367 4235 1465 4302 lectio
1489 4236 1527 4301 in

368 4467 389 4538 ¹)
409 4467 479 4523 Vide
496 4467 570 4522 intra
587 4484 614 4539 p.
627 4466 663 4524 37
671 4482 748 4539 seqq.
767 4467 870 4522 Moneo
889 4466 943 4521 hoc
962 4467 1062 4522 conta
1081 4465 1237 4537 Steupium,
1262 4465 1298 4520 de
1315 4465 1415 4542 Rrobis
1433 4425 1527 4538 gram·⁸

243 4557 356 4614 maticis
374 4556 466 4625 (lenae
486 4555 573 4625 1871),
599 4557 647 4629 qui
664 4572 692 4627 p.
704 4555 740 4611 67
759 4557 919 4626 Cornutum
939 4558 1006 4627 post
1023 4554 1145 4611 Probum
1164 4553 1312 4624 Berytium
1336 4554 1440 4610 uixisse
1458 4554 1527 4610 inde

243 4646 322 4717 sequi
340 4644 507 4702 affirmauit
