3458 5100
765 297 988 373 „24-

236 476 287 544 Ac
308 475 452 564 primum
474 477 608 563 quidem
632 475 819 543 notandum
843 479 896 543 est
927 475 1103 544 dissentire
1128 475 1312 543 Cornutum
1344 477 1388 543 ab
1410 477 1521 543 Athe-

237 582 362 650 nodoro
377 583 414 649 in
429 583 487 668 eis,
504 604 591 671 quae
607 584 648 650 de
665 583 899 670 quantitate
915 585 950 649 et
973 582 1175 671 qualitate
1190 581 1316 670 profert
1332 583 1521 670 Simplicius

236 688 259 758 i.
283 689 344 757 33Ξ
367 689 409 756 14
424 721 468 746 =
483 692 527 758 57
533 701 549 732 ²
571 690 613 758 16
631 689 684 759 Br.
708 693 749 778 (p.
764 691 829 772 77).
855 689 1028 777 'Namque
1058 689 1240 778 Archytas,
1271 689 1519 774 Athenodorus,

235 796 450 864 Ptolemaeus
484 796 744 864 mathematicus
779 799 849 863 tres
880 797 1127 864 constituerant
1157 797 1361 884 quantitatis
1390 801 1520 883 partae,

236 924 323 991 quae
347 906 428 970 sunt
450 905 591 988 ἀριθμός
614 903 687 970 siue
708 906 843 990 πλῆθος,
870 906 1019 988 μέγεθος,
1049 906 1151 988 βάρος
1181 905 1254 971 siue
1284 907 1378 990 ῥοπή.
1426 904 1520 985 Quod

234 1007 438 1098 improbauit
459 1011 489 1076 is
512 1031 613 1099 quem
637 1011 811 1097 exscripsit
834 1010 976 1097 Simplic.
991 1009 1014 1076 f.
1030 1010 1095 1076 32¹¹
1116 1011 1288 1078 13:57a
1308 1009 1350 1076 14
1365 1011 1426 1094 Bn,
1444 1031 1521 1078 cum

235 1120 376 1203 βαρύτης
403 1117 555 1184 similiter
585 1120 690 1204 atque
714 1119 875 1203 πυκνότης
898 1118 934 1184 et
955 1119 1099 1202 παχύτης
1129 1137 1198 1183 non
1229 1117 1427 1210 quantitati,
1460 1117 1520 1184 sed

236 1224 393 1312 qualitati
423 1225 562 1291 attribui
592 1223 723 1292 debeat.
769 1224 926 1292 Similiter
955 1228 1070 1292 autem
1095 1223 1261 1292 Cornutus
1291 1224 1384 1292 illam
1414 1228 1520 1310 ῥοπήν

236 1331 422 1398 secundum
452 1332 655 1416 grauitatem
685 1335 720 1398 et
749 1331 926 1399 leuitatem
955 1332 1080 1418 pariter
1109 1332 1317 1399 intellectam
1345 1331 1519 1419 qualitatis

237 1438 426 1522 categoriae
450 1437 718 1522 subiungendum
744 1439 889 1526 putauit.
934 1437 1063 1505 Deinde
1085 1439 1120 1504 in
1151 1438 1391 1506 relationis
1415 1438 1519 1525 expli-

237 1544 369 1612 catione
404 1567 480 1613 cum
503 1544 718 1612 Athenodoro
742 1545 912 1612 consentit
933 1545 970 1612 in
992 1566 1038 1630 re,
1062 1545 1219 1612 dissentit
1241 1545 1276 1611 in
1296 1545 1418 1630 uerbis
1444 1567 1519 1613 cum

236 1650 333 1719 ahter
356 1651 498 1718 definiat
519 1652 692 1718 notionem
721 1650 811 1718 illius
843 1653 1031 1736 categoriae
1062 1650 1152 1738 apud
1184 1651 1326 1739 Simplic.
1349 1650 1517 1720 f.471151

237 1763 277 1846 (p.
294 1757 359 1848 78).
406 1758 499 1839 Quae
522 1759 710 1846 disputauit
733 1759 773 1825 de
796 1759 1009 1846 temporis
1033 1757 1318 1842 definitione,
1348 1779 1390 1825 ea
1412 1759 1519 1842 magis

236 1866 319 1932 artis
340 1866 499 1954 physicae
523 1887 624 1953 quam
655 1867 898 1949 categoriarum
930 1866 1099 1932 doctrinae
1130 1864 1262 1952 propria
1293 1885 1367 1932 esse
1398 1864 1518 1952 aliquis

236 1971 368 2057 dixeriq
400 1971 440 2040 ct
464 1972 607 2058 Simplic.
629 1973 650 2039 i.
674 1971 934 2039 89r13=8oa
959 1972 1000 2038 18
1015 1971 1067 2037 Br.
1092 1975 1131 2058 (p.
1147 1972 1211 2055 78).
1256 1973 1371 2059 Neque
1402 1976 1519 2039 tamen

236 2083 289 2146 est
312 2100 370 2147 cur
392 2079 449 2147 alii
477 2078 608 2147 cuidam
635 2079 728 2164 libro,
758 2079 799 2146 de
829 2100 895 2167 quo
926 2079 974 2146 nil
1005 2081 1149 2165 constat,
1179 2099 1255 2146 eam
1286 2079 1518 2166 quaestionem

234 2186 454 2270 uindicemus,
477 2207 553 2253 cum
576 2207 642 2275 quo
665 2187 736 2254 iure
758 2185 843 2254 talia
865 2185 906 2253 de
923 2186 1098 2270 categoriis
1121 2185 1260 2273 proferri
1282 2187 1453 2273 potuerint
1476 2208 1518 2252 ex

237 2293 474 2380 disputationis
497 2293 637 2378 ratione,
667 2314 770 2380 quam
793 2292 927 2379 quidem
958 2293 1147 2361 exhibuerit
1177 2292 1365 2379 Simplici.
1390 2292 1456 2358 881¹
1475 2292 1517 2357 13

234 2399 355 2470 =791>
373 2401 418 2467 48
433 2401 495 2484 Br,
521 2401 726 2487 comprobari
748 2421 848 2488 posse
871 2400 1024 2468 arbitrer:
1054 2401 1126 2467 Iam
1154 2399 1195 2466 de
1225 2402 1373 2486 tempore
1402 2400 1456 2483 agi
1482 2400 1518 2465 in

234 2506 410 2595 propatulo
435 2511 496 2592 est,
522 2506 610 2594 quod
633 2508 746 2574 nescio
770 2528 836 2594 quo
860 2506 958 2574 modo
982 2507 1173 2574 accuratius
1196 2506 1426 2573 definiendum
1455 2506 1519 2572 sibi

234 2613 408 2702 proposuit
430 2615 576 2700 scriptor.
622 2611 755 2680 Etenim
779 2613 942 2700 quosdam
958 2613 1144 2680 offenderat
1159 2616 1375 2700 praeceptum
1386 2611 1517 2680 Aristo-

235 2719 322 2804 telia,
348 2721 468 2808 quippe
491 2720 549 2808 qui
571 2723 689 2806 χρόνον
711 2723 814 2806 atque
837 2721 936 2786 τόπον
958 2720 1122 2806 pertinere
1146 2719 1190 2786 ad
1211 2721 1248 2784 τὸ
1268 2721 1370 2786 ποσόν
1392 2719 1517 2785 consti-

234 2828 346 2894 tueret
358 2827 534 2910 detegat
549 2824 632 2914 p.4l’
646 2827 690 2893 22
701 2846 792 2915 seqq.
815 2826 869 2893 Sic
880 2826 1048 2914 Archytas
1064 2826 1186 2912 aliique
1197 2825 1389 2893 referebant
1399 2828 1518 2911 χρόνον

234 2934 278 3000 ad
300 2935 336 3000 τὸ
358 2937 443 3010 ποτέ,
466 2936 566 3000 τόπον
588 2937 704 3002 autem
731 2933 776 3000 ad
802 2935 838 3000 τὸ
859 2941 924 3000 ποῦ
948 2932 1138 3019 (Simplici.
1154 2933 1216 3001 87ῙΓ
1236 2931 1390 3001 4:79¹>
1409 2936 1428 2998 1
1445 2933 1516 3014 Bu).

236 3041 393 3108 Similiter
417 3041 583 3108 Cornutus
605 3041 670 3108 hac
693 3041 734 3108 de
749 3061 785 3107 re
802 3040 992 3124 dubitabat,
1009 3040 1067 3127 qui
1082 3061 1140 3128 pro
1157 3061 1221 3106 sua
1235 3043 1330 3127 parte
1347 3039 1516 3126 Archytae

235 3143 382 3236 opinioni
405 3147 584 3216 diffidebat
610 3152 714 3236 atque
738 3148 816 3230 quid
841 3147 981 3214 tandem
1007 3148 1054 3214 sit
1082 3149 1200 3233 χρόνος
1230 3145 1421 3232 explorasse
1451 3168 1516 3233 pu·
1636 3231 1637 3234 Ἴ

234 3255 360 3322 tandus
384 3258 444 3322 est.
474 3256 587 3343 Atque
609 3277 645 3322 re
668 3277 750 3322 uera
773 3254 863 3343 apud
892 3253 1120 3342 Simplicia.
1144 3252 1328 3340 complures
1355 3253 1516 3339 temporis

236 3360 451 3428 definitiones
475 3364 670 3446 atteruntur,
686 3362 887 3447 Aristotelis,
911 3360 1073 3445 PlatoniS,
1090 3359 1320 3446 Theophrasti,
1337 3359 1515 3448 Archytae,

233 3468 423 3553 Andronici,
448 3463 634 3537 Stoicorum
656 3471 697 3536 ut
719 3469 870 3552 Zenonis,
894 3467 1075 3556 Chrysippi
1103 3468 1252 3550 aliorum,
1281 3487 1347 3555 quo
1376 3468 1515 3532 senten-

237 3576 361 3644 tiarum
391 3586 522 3643 conexu
549 3575 687 3643 cornuti
717 3596 849 3663 quoque
879 3575 922 3642 iit
951 3577 1085 3642 mentio.
1131 3573 1368 3658 Fragmentum
1400 3575 1516 3639 autem

235 3683 379 3771 Simplic.
394 3682 416 3750 f.
433 3682 495 3749 91ΙΓ
515 3682 536 3750 6
560 3687 601 3770 (p.
616 3683 671 3771 78)
701 3685 812 3750 totum
844 3682 1012 3769 exscripsi,
1044 3683 1123 3768 quia
1152 3682 1274 3747 iterum
1304 3700 1406 3767 quam
1436 3699 1515 3746 uere

234 3789 438 3879 Porphyrius
472 3793 574 3878 atque
608 3789 779 3876 Dexippus
814 3788 855 3855 de
879 3788 1015 3855 Cornuti
1047 3808 1154 3854 errore
1178 3785 1267 3869 (uide
1290 3809 1321 3874 p.
1342 3786 1397 3869 21)
1427 3784 1514 3852 iudi-

236 3898 388 3964 cauerint
410 3919 453 3965 ex
481 3919 520 3964 eo
549 3898 674 3984 optime
705 3895 916 3980 intellegitur.
961 3894 1079 3982 Neque
1103 3895 1191 3960 enim
1216 3891 1304 3976 quod
1326 3892 1405 3960 dicit
1428 3891 1514 3958 Sim·

232 4002 350 4091 plicius
372 4003 393 4071 l.
409 4026 434 4070 a.
459 4006 510 4070 διὰ
533 4005 569 4070 τό
589 4005 646 4089 τὴν
660 4005 814 4088 πρόθεσιν
835 4005 912 4087 περὶ
922 4004 1137 4087 χαρακτήρων
1151 4001 1228 4066 εἶναι
1250 4002 1400 4066 λεκτικῶν
1423 3997 1515 4065 aliud

235 4109 299 4176 eibi
321 4111 397 4177 uult
418 4112 484 4178 nisi
505 4131 647 4198 prauam
677 4112 779 4178 istam
805 4109 1048 4193 categoriarum
1080 4129 1155 4175 esse
1182 4110 1286 4194 atque
1317 4105 1514 4172 elocutionis

234 4217 471 4286 oonhlsionem.
518 4217 665 4299 Quamm
692 4216 917 4284 doctrinarum
944 4216 1085 4282 alteram
1105 4216 1161 4287 τὰς
1176 4216 1334 4299 σημασίας
1356 4213 1436 4277 κατὰ
1459 4213 1515 4284 τὰς

232 4331 297 4390 τῶν
331 4326 434 4391 ὄντων
468 4326 635 4409 διαφοράς,
666 4323 809 4391 alteram
841 4323 879 4388 τὰ
918 4325 1063 4407 σχήματα
1097 4329 1152 4406 τῆς
1186 4323 1303 4396 λέξεως
1337 4318 1410 4385 siue
1441 4319 1514 4390 τοὺς

233 4441 436 4518 χαρακτῆρας
458 4434 620 4504 λεκτικούς
643 4452 758 4499 curare
783 4431 869 4498 dicit.

337 4537 518 4605 Praeterea
540 4556 646 4605 unum
669 4541 765 4605 extat
787 4536 924 4604 Cornuti
945 4535 1181 4622 fragmentum,
1205 4533 1296 4621 quod
1318 4533 1372 4599 cui
1401 4530 1512 4598 libello

234 4644 279 4710 sit
302 4644 558 4711 adscribendum
581 4667 648 4712 non
673 4646 757 4712 satis
781 4647 929 4732 apparet.
975 4643 1137 4731 Syrianus
1161 4643 1249 4708 enim
1280 4640 1314 4705 in
1342 4658 1512 4706 commen-
