3458 5100
725 305 950 374 -39-

194 486 252 567 sic,
276 488 317 552 ut
333 487 472 571 poderos,
499 485 635 572 Oetegos,
665 487 835 570 triumpos,
858 486 1072 572 Kanoginem
1095 483 1254 567 dioerem;
1284 483 1475 571 aliquando,

194 591 294 678 idque
318 612 401 676 sero,
426 592 576 658 conuicio
599 592 731 658 aurium
754 612 831 658 cum
846 593 980 658 extorta
994 590 1076 657 mibi
1090 591 1218 658 ueritas
1238 595 1338 673 esset,
1354 613 1478 658 usum

194 697 404 785 loquendi
441 697 564 786 populo
602 697 761 780 concessi,
799 698 976 765 scientiam
1013 696 1095 763 mibi
1132 698 1322 765 reseruaui?
1379 697 1477 766 Vnde

196 810 336 893 apparet
366 804 630 873 consonantibus
664 803 854 891 adspiresse
882 804 1048 872 Ciceronis
1079 803 1248 892 aequales,
1280 825 1366 892 quae
1398 827 1477 872 oon-

197 912 340 980 suetudo
363 912 476 999 primis
499 912 736 999 imperatorum
758 911 965 998 temporibus
988 910 1154 996 elanguit3
1177 911 1218 977 ci.
1242 911 1403 997 Sommer,
1417 912 1478 979 lat

196 1019 306 1085 Laut·
338 1019 409 1085 und
439 1017 672 1086 Formenlehre
703 1039 734 1105 p.
751 1019 825 1086 286.
872 1017 957 1103 llrgo
983 1017 1079 1086 uides
1109 1017 1294 1085 secundnm
1320 1019 1479 1104 temporis

197 1128 250 1192 sui
292 1126 468 1209 rationem,
510 1125 743 1212 parcissimum
785 1125 1022 1212 adspirationis
1059 1146 1161 1192 usum
1198 1125 1487 1212 comprobantem,

197 1234 304 1316 egisse
328 1231 521 1316 Cornutum,
547 1252 623 1298 oum
645 1235 790 1300 ‘uetaret
812 1231 1051 1320 aspirationem
1074 1231 1281 1300 addendam?
1320 1231 1384 1313 Qui
1399 1231 1480 1319 quid

197 1339 340 1407 senserit
362 1339 403 1406 de
425 1338 577 1406 blittera
599 1341 680 1406 ante
700 1341 734 1407 Y
743 1339 981 1426 adspirationis
997 1359 1102 1406 cansa
1122 1337 1298 1406 scribenda
1306 1342 1329 1422 ²)
1346 1339 1479 1406 (lassio-

198 1445 281 1513 dorii
303 1445 536 1512 demonstrant
559 1449 718 1532 excerpta
741 1445 799 1513 GL
820 1445 883 1512 VH
903 1467 934 1533 p.
954 1446 1027 1532 153,
1044 1445 1086 1512 14
1108 1445 1148 1512 Κ.

304 1553 397 1619 Haeo
427 1551 469 1619 de
492 1552 647 1619 comato.
671 1551 831 1639 Superest
861 1553 1025 1640 quaestio,
1058 1552 1138 1640 quid
1161 1553 1329 1640 scripserit
1350 1552 1480 1620 Probus

198 1681 220 1724 a
242 1659 359 1726 Seruio
389 1663 490 1726 aucto
511 1659 533 1724 l.
557 1681 583 1726 s.
607 1662 896 1726 commemoratus
942 1659 1009 1726 Vbi
1036 1660 1215 1746 plurimum
1237 1658 1349 1743 refert,
1365 1662 1482 1726 utrum

197 1765 432 1849 intellegamus
469 1768 734 1850 grammaticum,
769 1765 942 1854 Berytium
980 1787 1026 1833 an
1059 1766 1278 1834 recentiorem
1312 1766 1482 1854 quendam

197 1873 352 1939 Probum.
393 1871 527 1939 Etenim
549 1877 590 1940 ut
612 1874 827 1960 praemittam
850 1872 930 1960 quid
952 1872 1017 1941 hac
1039 1872 1081 1940 de
1102 1893 1139 1940 re
1162 1873 1383 1940 statuendum
1406 1893 1481 1940 esse

199 1979 280 2045 mibi
310 1980 482 2047 uideatur:
515 1978 559 2046 ad
581 1979 754 2068 Berytium
785 1980 952 2067 pertinere
980 1983 1064 2067 puto
1095 1978 1366 2068 adspirationem,
1393 2000 1481 2067 quae

199 2084 341 2152 adicitur
368 2084 503 2153 litterae
533 2109 561 2166 o,
592 2089 632 2153 ut
662 2087 698 2153 in
720 2087 837 2171 Horco,
868 2086 914 2153 ad
945 2087 1089 2154 alterurn
1120 2085 1290 2174 quendam
1312 2107 1482 2171 gramma-

199 2193 313 2278 ticum,
342 2192 384 2260 de
414 2194 510 2260 cuins
532 2193 668 2260 nomine
690 2193 739 2260 nil
761 2197 907 2277 constet,
930 2192 1139 2260 referendam
1162 2213 1239 2260 esse
1261 2194 1355 2260 uocis
1378 2194 1482 2280 scrip-

199 2303 320 2384 turam,
345 2320 413 2386 qua
435 2321 453 2367 c
475 2300 675 2387 adspiratur,
699 2301 789 2367 utin
806 2303 916 2369 Oroba
947 2299 1057 2382 Quare
1077 2301 1107 2366 si
1122 2300 1318 2388 comprobas
1334 2299 1484 2367 'Philonis

201 2405 415 2490 sententiam,
445 2406 502 2494 qui
525 2407 659 2494 scripsit
683 2409 805 2477 Orcbus
827 2406 915 2490 luido
939 2428 1042 2495 supra
1064 2429 1095 2495 p.
1111 2407 1155 2474 38
1178 2407 1255 2476 adn.
1270 2408 1312 2492 3),
1337 2406 1485 2474 alienum

201 2533 275 2579 esse
298 2513 408 2579 locum
431 2534 453 2579 a
474 2512 583 2580 Probo
606 2512 742 2601 Berytio
774 2513 938 2582 concedas
964 2534 1104 2581 necesse
1128 2513 1191 2581 erit
1213 2514 1278 2580 bac
1299 2511 1341 2580 de
1364 2534 1483 2580 causa:

201 2641 243 2686 ex
267 2619 419 2687 Suetonii
449 2620 560 2707 capite
590 2618 632 2687 de
656 2620 885 2704 grammaticis
907 2621 952 2687 24
975 2642 1005 2707 p.
1024 2620 1088 2687 118
1111 2641 1178 2708 seq.
1201 2621 1239 2689 R.
1263 2623 1298 2687 et
1320 2641 1363 2687 ex
1386 2618 1485 2687 Gellii
1520 2629 1523 2636 ⁴

200 2727 350 2794 noctium
379 2726 463 2794 libro
494 2725 541 2793 IX
573 2748 643 2814 cap.
673 2726 770 2812 9,12
801 2727 926 2795 scimus
952 2727 1126 2815 Berytium
1158 2727 1321 2794 sermonis
1352 2726 1484 2815 antiqui

70 2841 74 2848 '
200 2834 307 2900 luisse
330 2834 610 2920 amantissimum,
626 2835 747 2922 quippe
764 2836 820 2921 qui
837 2838 970 2902 ueteres
992 2833 1123 2902 libellos
1146 2834 1353 2902 contraxerit
1367 2855 1484 2902 emen-

202 2939 341 3025 dandos,
373 2939 637 3025 distinguendos
661 2940 883 3009 adnotandos.
913 2940 1057 3007 Veteres
1080 2943 1197 3008 autem
1220 2941 1485 3008 consonantibus

203 3046 392 3134 adspirasse
430 3051 558 3129 negant
596 3046 708 3115 Gicero
745 3048 782 3114 in
820 3050 953 3114 oratore
989 3048 1044 3128 48,
1078 3047 1142 3115 160
1180 3046 1266 3129 (uide
1301 3068 1332 3133 p.
1359 3046 1412 3130 38>
1451 3049 1488 3113 et

203 3154 339 3237 Quintil
372 3155 387 3219 I
421 3155 452 3235 5,
474 3154 533 3220 20:
568 3153 638 3220 ‘diu
672 3153 792 3222 deinde
826 3158 1010 3240 seruatum,
1045 3175 1089 3222 nc
1124 3153 1389 3221 consonantibus
1423 3153 1486 3221 ad-

203 3262 378 3348 spirarent’
409 3262 467 3348 (sc.
481 3317 485 3324 .
500 3261 656 3347 ueteres).
690 3259 797 3342 Quem
827 3281 928 3326 usum
958 3259 1124 3327 scribendi
1150 3259 1297 3328 Probum
1323 3281 1487 3345 seruasse,

202 3371 243 3434 ut
277 3372 351 3434 erat
386 3367 515 3438 illorum
553 3366 742 3434 aemulator
776 3370 879 3454 atque
913 3366 1079 3451 laudator,
1114 3366 1391 3435 uerisimillimnm
1425 3373 1487 3435 est

203 3474 304 3556 Porro
347 3473 439 3541 nullo
478 3473 584 3540 Seruii
626 3474 663 3540 in
704 3472 888 3557 Vergilium
931 3474 1242 3541 commentariorum
1287 3475 1359 3542 loco
1401 3474 1488 3542 haec

204 3579 340 3668 Berytii,
374 3584 415 3647 ut
448 3583 541 3668 puto,
576 3579 685 3648 forma
718 3583 821 3650 Horci
855 3581 1005 3665 occurrit,
1039 3601 1117 3648 cum
1150 3581 1286 3667 saepius
1320 3581 1489 3648 exstiterit

205 3688 313 3755 altere
342 3686 499 3754 uocabuli
533 3687 697 3775 scriptura
729 3689 852 3758 Orclrus
882 3687 970 3771 luido
1001 3709 1032 3775 p.
1057 3688 1120 3771 38).
1174 3687 1302 3769 Quibus
1332 3687 1414 3754 locis
1444 3709 1488 3756 ne

205 3795 344 3860 minima
374 3794 509 3881 quidem
540 3794 686 3878 uestigia
716 3794 759 3862 ad
789 3794 935 3862 Probum
952 3795 1132 3894 ‘Berytium
1162 3797 1327 3881 spectant
1372 3793 1489 3882 Neque

205 3907 321 3968 tamen
353 3921 488 3988 prorsus
522 3902 673 3986 ignotam
703 3900 810 3969 fuisse
840 3901 977 3987 Vergilii
1009 3903 1264 3969 commentatori
1294 3926 1313 3970 ο
1342 3900 1490 3968 litteram

206 4029 313 4095 aeque
336 4007 542 4094 adspiratam
564 4007 719 4075 uidemus
742 4030 785 4076 ex
809 4009 1057 4092 commentario,
1082 4029 1181 4096 quem
1205 4009 1337 4095 scripsit
1351 4008 1489 4076 Seruius
1515 4039 1524 4060 ·

205 4115 242 4181 in
272 4120 380 4182 artem
413 4114 538 4182 Donati
568 4114 613 4181 IV
644 4137 675 4202 p.
698 4115 776 4200 444,
800 4115 841 4181 21
867 4115 907 4182 K
931 4119 950 4182 ‘.
967 4166 998 4182 ..
1028 4115 1255 4202 adspiratione
1287 4116 1402 4184 banco
1430 4136 1490 4202 pro

206 4242 313 4304 ornem
336 4222 384 4287 sio
407 4221 495 4289 enim
518 4220 676 4288 dicebant
698 4223 848 4309 antiqui'.
884 4221 1008 4290 Gontra
1032 4223 1164 4304 Orobus,
1189 4221 1268 4288 sire
1285 4242 1368 4289 uere
1381 4221 1492 4289 Probo·

207 4327 340 4394 crridam
370 4327 621 4395 attribuendum
657 4349 733 4395 esse
761 4328 958 4415 putabatur,
989 4327 1082 4395 haud
1112 4329 1180 4396 scio
1204 4349 1249 4395 an
1272 4327 1416 4395 eundem
1438 4329 1491 4394 in-

207 4434 374 4503 tellexerit
404 4433 589 4503 scholiasta
617 4435 883 4520 grammaticum,
915 4436 959 4502 ad
994 4455 1093 4522 quem
1122 4436 1270 4522 pertinet
1290 4434 1375 4504 baec
1397 4435 1491 4502 uocis

316 4649 336 4718 ¹)
354 4647 633 4720 Veubatsscomutm
657 4647 770 4704 litterae
792 4649 821 4704 Y
836 4647 1038 4720 adspirationis
1063 4664 1149 4706 musa
1167 4649 1186 4704 lr
1203 4648 1327 4704 litteram
1339 4603 1492 4704 moueri.
