3458 5100
633 1253 1069 1388 Prooemium.

317 1607 368 1672 Ex
405 1608 507 1674 uariis
537 1607 573 1673 L.
597 1609 764 1674 Annaei
799 1608 980 1674 Cornuti
1016 1607 1170 1695 operibus
1204 1607 1400 1674 notissimus
1438 1613 1490 1674 est

207 1713 351 1787 libellus,
376 1735 476 1801 quem
499 1714 632 1800 scripsit
654 1713 708 1781 ille
731 1714 950 1808 philosophus
974 1714 1122 1782 Stoicam
1145 1718 1281 1781 secutus
1305 1713 1489 1781 doctrinam

211 1820 252 1886 de
275 1821 445 1904 theologia
468 1841 596 1904 graeca.
641 1820 794 1908 Namque
826 1842 902 1887 cum
913 1821 1132 1918 „ceteri-quos
1156 1825 1389 1909 composuerat
1415 1821 1490 1888 libri

207 1931 360 1993 aetatem
382 1948 449 1993 non
465 1927 611 2011 tulerint,
635 1927 699 1994 hoc
712 1928 899 1995 litterarum
916 1929 1083 2015 specimen
1098 1927 1265 2011 integrum
1280 1926 1324 1994 ad
1340 1932 1490 1995 nostram

209 2040 403 2100 memoriam
425 2035 591 2120 peruenit;
615 2034 703 2121 quod
720 2034 847 2102 editum
870 2037 924 2101 est
946 2039 1023 2122 post
1038 2034 1088 2100 Fr.
1105 2032 1279 2100 Osannum
1298 2035 1489 2118 lGottingae

214 2139 308 2222 1844)
347 2161 369 2206 a
408 2142 440 2208 G.
467 2139 606 2224 Langio:
653 2140 803 2208 ‘Gomuti
841 2141 1030 2224 theologiae
1068 2162 1207 2224 graecae
1247 2141 1488 2227 compendium’

207 2247 343 2333 Lipsiae
362 2248 459 2330 1881;
482 2267 591 2333 neque
614 2268 763 2333 unquam
786 2248 855 2313 iere
879 2268 1014 2334 prorsus
1035 2249 1214 2314 euanuisse
1238 2249 1310 2313 eius
1333 2249 1490 2314 notitiam

209 2357 363 2420 ueterum
385 2374 446 2421 nec
470 2375 537 2420 non
560 2355 782 2420 recentiorum
797 2354 998 2420 testimoniis
1022 2354 1349 2421 satisconfirmatur.
1395 2353 1490 2434 Quod

207 2460 287 2526 inde
310 2461 521 2546 potissimum
552 2461 680 2527 factum
710 2461 800 2528 recte
830 2460 1040 2544 iudicaueriS,
1073 2460 1161 2548 quod
1194 2460 1328 2528 deorum
1352 2461 1489 2528 fabulae

207 2567 396 2654 explicatae
435 2567 732 2654 allegoriarumque
777 2567 1088 2654 interpretationes,
1135 2589 1221 2654 quae
1267 2567 1400 2654 quidem
1446 2567 1489 2633 ad

210 2673 413 2756 theologiam
435 2675 650 2760 pertinerent,
675 2673 885 2761 aliquantum
902 2675 1113 2761 occupabant
1129 2676 1361 2742 contentiones
1385 2675 1488 2741 eccle-

207 2781 281 2846 siae
304 2779 513 2866 scriptorum,
545 2780 634 2868 apud
664 2801 749 2867 quos
773 2784 1050 2847 commemoratur
1072 2783 1157 2847 haec
1179 2780 1366 2868 philosophi
1389 2781 1489 2847 disci-

208 2887 311 2973 plina.
356 2887 474 2973 Itaque
496 2886 655 2954 laudatur
677 2891 809 2973 praeter
833 2887 1093 2955 chaeremonem
1116 2887 1265 2954 Stoicum
1283 2888 1449 2954 Cornutus
1469 2911 1490 2954 a

210 2993 392 3080 Porphyrio
431 2992 520 3080 apud
558 2993 740 3061 Eusebium
774 2994 851 3059 hist.
887 2994 1000 3062 eccles,
1021 2993 1066 3060 VI
1090 2994 1177 3077 19,8
1212 2995 1261 3076 lei.
1288 2993 1377 3061 Suid
1409 3017 1433 3061 s,
1457 3017 1490 3064 u.

207 3100 386 3184 Ὠριγένης,
404 3101 461 3186 qui
477 3101 651 3186 exscripsit
666 3103 799 3186 praeter
814 3101 897 3167 alios
914 3102 1004 3167 hunc
1027 3100 1143 3168 locum.
1183 3101 1388 3188 Nicephorus
1411 3102 1488 3167 hist.

207 3206 473 3273 ecclesV13=
485 3205 604 3290 Migne,
620 3208 737 3294 patrol.
753 3228 859 3291 graec.
874 3207 987 3274 GXLV
1000 3228 1029 3294 p.
1045 3207 1149 3290 1096),
1162 3228 1306 3293 quocum
1322 3210 1490 3274 consentit

209 3314 435 3400 Hieronymus
480 3316 514 3379 in
553 3313 698 3401 epistula
736 3312 780 3380 ad
816 3313 976 3397 Magnum
1015 3316 1180 3380 oratorem
1225 3315 1316 3381 urbis
1362 3314 1488 3380 Romae

208 3420 316 3507 (epist.
332 3419 422 3484 LXX
439 3421 477 3486 4:
501 3421 515 3486 I
530 3442 559 3508 p.
575 3420 642 3486 429
662 3419 808 3487 Vallarsi
827 3451 871 3476 =
889 3421 1010 3505 MIgne,
1034 3422 1151 3507 patrol.
1175 3421 1233 3488 lat.
1249 3419 1341 3486 XXII
1356 3443 1385 3508 p.
1402 3420 1488 3502 667).

210 3525 308 3592 Vnde
338 3525 435 3593 uides
458 3527 625 3611 Originem
649 3526 851 3595 Graecorum
883 3526 924 3594 de
956 3527 1026 3595 deis
1061 3529 1250 3614 opinionem
1278 3548 1319 3593 ex
1343 3528 1488 3594 Gomuto

208 3634 352 3700 nouisse.
409 3633 525 3720 Neque
563 3634 673 3701 minus
711 3634 894 3701 honorifice
932 3633 1019 3700 illius
1058 3654 1181 3701 nomen
1220 3634 1361 3701 occurrit
1399 3633 1488 3720 apud
1527 3623 1529 3628 ¹

208 3740 457 3807 Theodoretum
477 3761 583 3823 graec.
601 3741 713 3808 affect.
730 3741 898 3809 cur.1195
923 3740 1052 3826 (Migne,
1069 3741 1186 3827 patrol
1202 3761 1307 3824 graec.
1323 3739 1488 3806 LXXXIII

208 3867 240 3932 p.
253 3846 318 3913 855
331 3877 374 3902 =
387 3868 416 3933 p.
429 3847 472 3914 62
489 3846 538 3914 ed.
551 3848 573 3913 I.
586 3847 736 3931 Raeder),
752 3852 818 3934 qui,
832 3849 890 3914 ubi
902 3851 1020 3914 contra
1031 3847 1205 3930 gentilium
1218 3849 1488 3933 superstitionem

207 3951 284 4019 fidei
307 3954 509 4021 christianae
538 3956 747 4022 uerissimam
781 3956 962 4041 puritatem
992 3955 1179 4021 luculenter
1211 3954 1370 4037 defendit,
1401 3956 1489 4020 inter

205 4059 409 4126 clarissimos
447 4061 622 4144 theologos
665 4062 811 4130 Graecos
849 4061 986 4128 Gomuti
1024 4061 1228 4127 mentionem
1265 4061 1381 4127 infert:
1410 4111 1416 4126 .
1445 4111 1452 4126 .
1480 4112 1487 4127 .

206 4167 393 4250 Κορνοῦτος
431 4169 466 4232 δὲ
508 4171 526 4233 ὁ
564 4171 744 4252 φιλόσοφος’
778 4170 834 4253 τὴν
877 4169 1059 4254 Ἑλληνικὴν
1095 4170 1263 4251 θεολογίαν
1301 4170 1487 4243 demsterus.

208 4271 347 4340 Praeter
360 4274 423 4339 hos
440 4274 614 4361 scriptores
632 4275 842 4362 etymologici
857 4277 970 4358 magni
986 4277 1102 4342 auctor
1118 4295 1143 4340 s
1159 4295 1190 4340 u.
1207 4275 1289 4347 Ζεύς
1306 4278 1346 4361 (p.
1358 4273 1433 4356 408,
1444 4274 1487 4339 52

209 4376 324 4462 Gaisf,
356 4378 433 4446 uide
464 4379 628 4463 Langium
661 4383 697 4447 in
720 4381 858 4458 Gomuti
890 4381 1044 4448 edItionis
1075 4379 1177 4467 praef.
1193 4401 1223 4467 p.
1239 4380 1280 4463 V)
1305 4381 1488 4448 Gomutum

208 4487 361 4553 nominat
384 4490 420 4553 et
441 4486 669 4570 fragmentum
692 4510 734 4555 ex
766 4488 855 4555 illius
882 4486 992 4555 libello
1017 4487 1161 4554 exhibet.
1207 4486 1334 4553 Deinde
1357 4490 1488 4573 partem

209 4593 317 4678 operis
352 4594 435 4660 satis
469 4614 625 4676 magnam
661 4595 697 4660 in
730 4616 829 4661 usum
860 4615 959 4660 suum
991 4593 1196 4660 conuertisse
1229 4593 1513 4660 Constantinum-

207 4698 473 4786 Palaeocappam
495 4701 531 4766 in
554 4699 720 4768 Eudociae
744 4700 834 4788 quod
855 4702 970 4769 ferunt
985 4701 1131 4767 Violario
1154 4701 1223 4767 iam
1245 4701 1386 4783 uidebis,
1411 4721 1487 4766 cum
