3458 5100
726 323 948 390 ..63-

198 500 332 567 Annaei
354 501 611 568 obseruationes
644 501 915 589 orthographicas
945 502 1071 588 passim
1093 502 1280 590 propositas
1305 501 1492 587 collegisse¹

194 609 352 695 opinatur
374 609 589 693 Mackensen,
621 609 711 676 idem
740 608 809 674 iam
839 607 960 675 iecisse
990 607 1189 675 iudicandus
1212 612 1313 693 esset,
1345 611 1373 676 si
1395 631 1478 676 uera

196 714 377 784 statuisset
398 713 462 782 ille.
509 715 604 797 Quod
627 714 720 782 haud
750 715 818 781 scio
843 735 888 781 an
911 735 1008 783 nemo
1032 736 1151 782 uerum
1173 717 1351 803 putauerit.
1396 716 1477 783 Mihi

195 821 332 908 quidem
361 843 521 910 perquam
551 821 730 890 uerisimile
761 823 816 888 est
845 820 893 906 id,
926 820 1014 909 quod
1045 822 1233 909 quicunque
1265 823 1377 890 auimo
1408 844 1476 890 non

197 931 439 1016 praeoccupato
454 928 655 996 Cassiodorii
670 929 775 996 uerba
789 927 908 1013 legerit
922 949 1042 995 uerum
1053 949 1129 995 esse
1144 929 1290 998 sentietz'
1306 930 1476 1018 scripsisse

195 1034 382 1102 Comutum
411 1037 579 1123 proprium
610 1035 651 1102 de
675 1035 913 1123 orthographia
942 1035 999 1102 uel
1029 1035 1262 1104 enuntiatione
1283 1039 1476 1106 mactatum.

195 1141 303 1223 Quem
334 1145 467 1228 praeter
488 1140 675 1209 Varronem
704 1145 823 1230 utpote
853 1142 1068 1230 praecipuum
1099 1141 1233 1228 quidem
1262 1141 1391 1210 iontem
1414 1143 1477 1211 ad-

197 1247 308 1314 hibuit
340 1246 376 1314 L.
400 1248 582 1316 Caesellius
612 1247 754 1316 Vindex.
807 1247 925 1335 Neque
958 1269 1038 1316 uero
1069 1248 1314 1317 Cassiodorium
1342 1251 1478 1319 Cornuti

196 1353 383 1422 doctrinam
405 1375 464 1442 per
486 1355 704 1423 recentiorem
728 1354 896 1443 quendam
916 1355 1171 1440 grammaticum
1185 1357 1321 1424 nouisse
1345 1361 1398 1425 est
1420 1379 1478 1425 cur

196 1459 362 1546 dicamus,
398 1461 457 1528 sed
487 1462 669 1548 genuinum
700 1462 805 1550 ipsius
835 1461 957 1528 librum
991 1463 1174 1550 excerptori
1206 1466 1342 1552 praesto
1371 1463 1477 1532 fuisse

199 1567 377 1634 uerisimile
412 1571 472 1636 est
518 1568 606 1634 Nam
641 1567 730 1656 quod
764 1567 969 1636 Maclrensen
998 1569 1065 1636 ls.
1095 1592 1126 1658 p.
1145 1570 1185 1637 18
1218 1571 1477 1638 Brambachium

197 1677 334 1741 secutus
364 1675 476 1742 haesit
509 1675 544 1740 in
579 1675 627 1743 eis
657 1696 745 1762 quae
776 1675 817 1743 de
853 1677 995 1762 antiqua
1026 1677 1190 1765 scriptura
1222 1678 1316 1744 uocis
1350 1681 1480 1761 causat

197 1801 243 1848 sc.
267 1780 310 1846 ab
334 1781 482 1868 antiquis
504 1803 563 1868 per
586 1781 651 1850 duo
676 1804 693 1856 s
718 1783 860 1871 scriptae
876 1783 1035 1866 legimtur
1055 1783 1091 1849 in
1107 1785 1271 1871 excerptis
1294 1808 1324 1873 p.
1338 1784 1476 1869 149‚12,

198 1907 267 1953 non
289 1890 425 1954 tantum
449 1888 562 1956 ualere
585 1889 675 1957 hunc
697 1909 804 1957 unum
818 1889 929 1956 locum
952 1889 1034 1956 mihi
1056 1891 1217 1978 persuasi,
1241 1894 1282 1958 ut
1303 1893 1478 1980 posteriori

196 1994 305 2061 aetati
328 1994 583 2062 adscribendam
606 1984 763 2064 censeam
785 1999 894 2064 totam
909 1995 1180 2083 disputationem.
1216 1998 1279 2080 Qui
1300 1998 1365 2065 hoc
1387 1997 1476 2081 iecit,

195 2099 254 2167 illo
278 2103 331 2167 est
353 2123 437 2168 usus
467 2105 674 2189 argumento,
706 2106 746 2170 ut
775 2104 1029 2187 grammaticum
1060 2103 1124 2170 sub
1146 2103 1277 2171 Nerone
1300 2103 1477 2172 florentem

198 2227 320 2274 uocare
342 2229 411 2274 non
433 2208 584 2294 potuisse
616 2206 741 2276 diceret
772 2210 948 2296 antiquam
978 2209 1176 2296 scripturam
1206 2231 1292 2298 eam,
1325 2232 1412 2298 quae
1441 2211 1477 2277 in

199 2335 266 2380 usu
297 2314 400 2382 fuerit
423 2315 589 2382 Ciceronis
621 2319 723 2402 atque
753 2316 867 2404 primis
891 2315 1101 2383 Caesarianis
1131 2317 1348 2405 temporibus.
1391 2317 1478 2386 Nam

197 2441 234 2488 re
256 2442 339 2488 uera
360 2425 434 2488 tum
449 2421 533 2488 talia
553 2423 659 2492 uerba
674 2423 798 2510 scripta
814 2426 895 2490 sunt
909 2424 959 2489 ita
980 2427 1021 2490 ut
1043 2445 1060 2489 s
1082 2422 1196 2490 littera
1219 2424 1477 2509 geminaretrrr.¹)

196 2527 274 2609 Qua
295 2527 331 2593 in
353 2549 388 2594 re
412 2549 465 2595 me
490 2527 665 2596 dubitasse
687 2528 790 2596 libere
814 2529 977 2597 confiteor
999 2550 1044 2596 an
1062 2528 1181 2596 latiore
1204 2551 1308 2598 sensu
1330 2531 1477 2618 antiqui-

197 2635 280 2702 tatis
310 2655 380 2701 uox
409 2635 443 2701 in
474 2637 538 2703 hoc
570 2635 682 2703 libello
712 2635 923 2724 percipienda
954 2637 1012 2722 sit,
1043 2637 1093 2704 ita
1123 2636 1195 2704 dieo
1225 2641 1265 2704 ut
1291 2639 1478 2725 ‘antiquam

193 2741 405 2827 scripturam’
444 2743 671 2810 nominauerit
708 2746 877 2810 tractatus
915 2744 1055 2832 scriptor
1090 2745 1226 2810 minime
1264 2765 1352 2829 eam,
1391 2767 1477 2832 quae

197 2839 354 2931 uiguerat
383 2847 556 2935 aliquanto
588 2854 668 2918 ante
701 2872 799 2918 suam
822 2853 984 2936 aetatem,
1018 2850 1077 2917 sed
1108 2871 1185 2918 eam
1217 2851 1253 2916 in
1282 2853 1478 2919 uniuersum
1510 2915 1514 2924 .

199 2953 449 3040 significauerit,
483 2977 570 3042 quae
599 2976 670 3022 non
699 2957 768 3024 iam
790 2957 826 3023 in
848 2979 915 3024 usu
938 2959 1011 3025 erat
1032 2959 1106 3024 tum
1137 2977 1212 3023 cum
1236 2959 1375 3044 scripsit,
1405 2959 1477 3025 siue

199 3060 282 3127 satis
304 3060 403 3127 multi
426 3063 507 3128 anni
530 3063 602 3129 siue
624 3084 693 3130 non
715 3063 767 3130 ita
788 3063 933 3130 multum
957 3065 1121 3154 ,temporis
1144 3064 1379 3131 intercesserat
1401 3070 1478 3152 post

193 3168 394 3254 scripturam
418 3168 640 3236 obliteratam
685 3168 774 3236 Nam
799 3170 888 3257 quod
911 3169 1109 3238 Cassiodorii
1132 3173 1248 3237 auctor
1270 3193 1398 3238 causam
1420 3192 1478 3258 per

191 3294 301 3340 ‘unam
340 3296 356 3340 s
388 3274 536 3342 litteram
576 3276 784 3342 scribendam
818 3278 1001 3364 praecepit,
1040 3277 1125 3344 bene
1159 3277 1223 3344 hoe
1257 3277 1400 3363 quadrat
1433 3277 1478 3344 ad

194 3378 335 3447 Comuti
357 3382 462 3468 ipsius
493 3386 657 3466 aetatem,
690 3383 780 3469 quod
803 3387 943 3470 apparet
964 3404 1008 3450 ex
1030 3382 1165 3465 Quintil.
1180 3383 1195 3450 I
1210 3384 1241 3466 7,
1252 3383 1304 3452 20.
1349 3383 1478 3450 Deinde

193 3487 322 3572 optime
357 3508 433 3553 cum
467 3491 542 3557 tota
577 3490 715 3557 Cornuti
751 3489 987 3576 disputationis
1016 3490 1147 3561 ratione
1182 3491 1353 3573 conuenit,
1389 3491 1478 3576 quod

199 3592 321 3676 legitur
344 3593 363 3660 l.
381 3615 405 3662 s.
421 3617 451 3682 p.
469 3595 610 3680 149,14:
633 3595 679 3662 ‘in
694 3617 763 3682 qua
778 3597 1009 3664 enuntiatione
1026 3618 1091 3684 quo
1113 3597 1211 3665 modo
1232 3597 1373 3664 duarum
1397 3617 1477 3664 con-

199 3700 393 3766 sonantium
431 3723 535 3768 sonus
574 3702 790 3787 exaudiatur,
835 3723 903 3770 non
944 3703 1101 3787 inuenio’,
1148 3705 1305 3790 quoniam
1343 3704 1476 3790 saepius

199 3808 422 3895 scriptura
461 3812 496 3875 et
534 3793 800 3876 enuntiatio
831 3809 975 3878 inuicem
1017 3811 1251 3898 respiciuntur3
1297 3809 1392 3875 cuius
1430 3809 1478 3875 rei

198 3914 359 4001 exempla·
375 3917 494 3982 extant
517 3917 614 3983 haee:
641 3938 672 4002 p.
693 3917 794 4001 148,1
819 3920 864 3982 ‘m
889 3937 1077 3984 consonans
1099 3916 1311 4003 perscribitur
1333 3916 1475 4002 quidem,

305 4145 324 4215 ι)
343 4145 452 4200 llxtant
470 4147 542 4202 haec
560 4147 733 4204 norhala:
758 4146 863 4204 filcaria
885 4163 935 4218 per
952 4164 1038 4204 unam
1057 4165 1084 4204 s:
1102 4163 1156 4203 neo
1175 4162 1343 4218 quemquam
1362 4151 1478 4202 moueat

198 4234 318 4306 antiqua
335 4234 489 4307 scriptura:
507 4251 572 4290 nam
591 4239 622 4291 et
639 4252 780 4293 amaeam
792 4253 842 4308 per
855 4236 911 4292 dne
930 4254 944 4292 s
962 4237 1139 4308 scripserimt,
1158 4236 1232 4291 sieut
1245 4276 1253 4296 .
1266 4276 1293 4292 ..
1314 4238 1478 4380 (sequarqulr

199 4323 328 4394 exempla
346 4324 550 4379 uocabulorum
568 4326 642 4380 male
661 4325 879 4397 deperditarum)
899 4367 906 4381 .
926 4367 933 4382 .
953 4367 959 4382 .
978 4325 1101 4397 perduc
1120 4341 1134 4380 s
1153 4324 1288 4396 scriptum
1306 4324 1429 4382 inuenio.

199 4428 255 4482 qua
279 4411 475 4468 enuntiatione
504 4428 559 4483 quo
588 4414 673 4469 modo
702 4414 820 4469 duarum
848 4414 1064 4470 consonantium
1091 4431 1179 4469 sonus
1207 4413 1389 4480 exaudiatur,
1419 4429 1476 4469 non
1523 4465 1533 4488 ,

198 4499 331 4556 musmo.³

305 4589 325 4659 ¹)
346 4589 454 4647 Caussa
471 4607 521 4663 per
539 4591 596 4646 duo
614 4608 628 4646 s
647 4592 752 4663 scripta
771 4592 874 4662 legitur
891 4593 1014 4648 Menum.
1028 4593 1128 4664 Ancyr.
1141 4593 1181 4647 Ill
1196 4592 1224 4659 l;
1243 4591 1280 4647 cl.
1292 4591 1396 4648 ibidem
1408 4591 1478 4646 1142

195 4678 349 4748 dhaream,
368 4680 420 4734 sed
437 4679 510 4735 1144
528 4681 663 4749 clausam
683 4679 749 4736 uide
767 4681 934 4737 Mommseni
952 4680 1018 4737 edit.
1037 4697 1065 4752 p.
1080 4681 1139 4738 192.

1280 4769 1318 4826 51
