3458 5100
776 349 1001 412 „12-

247 524 470 592 bibliothecae
494 524 566 591 siue
588 545 704 592 omnes
728 526 800 591 siue
823 524 1006 611 permultos
1029 524 1139 591 libros.
1171 525 1300 592 Deinde
1317 549 1359 593 ex
1375 548 1424 610 eo,
1442 527 1542 615 quod

248 654 270 697 6
293 635 415 718 poetae
438 633 633 719 propinquis
657 632 854 719 opusculum
877 633 982 719 ipsius
1006 631 1197 718 imperfecte
1220 633 1372 701 relictum
1395 632 1535 702 Cornuti

249 739 335 805 curis
358 738 558 805 mandatum
573 742 635 821 est,
660 760 763 826 quam
779 739 860 805 artis
877 738 1047 806 amicitiae
1062 739 1206 805 uinculis
1223 739 1391 807 coniuncti
1405 741 1536 807 luerint

247 845 295 910 illi
318 844 507 912 concludas.

356 950 599 1018 Grauissimum
622 972 702 1019 uero
734 956 770 1019 et
800 951 1102 1033 praeclarissimum
1123 953 1260 1039 pietatis
1283 957 1385 1040 atque
1408 956 1535 1021 amoris

248 1059 478 1126 testimonium
510 1061 605 1125 extat
627 1059 663 1124 in
685 1057 789 1125 Persii
812 1062 930 1126 satura
953 1058 993 1142 V,
1029 1079 1050 1124 a
1080 1058 1160 1125 uiris
1192 1059 1297 1127 doctis
1329 1061 1364 1127 in
1396 1061 1534 1148 optimis

248 1187 366 1232 numer
388 1168 433 1232 16.
480 1165 544 1232 Vbi
578 1165 760 1231 maximam
792 1166 828 1231 in
859 1167 988 1252 partem
1018 1167 1172 1232 uersatur
1202 1168 1303 1252 poeta
1331 1168 1367 1232 in
1397 1167 1530 1234 Stoicae

247 1271 412 1339 libertatis
427 1271 537 1354 laude,
559 1293 627 1358 qua
642 1273 677 1337 in
693 1271 957 1339 commendanda
973 1275 1007 1339 61
1023 1270 1221 1359 explicanda
1236 1273 1386 1340 animum
1401 1295 1535 1360 semper

247 1400 450 1465 propensum
464 1378 500 1444 in
517 1377 702 1445 Oomutum
717 1379 847 1463 egregie
862 1377 1047 1464 profitetur.
1086 1378 1290 1445 Notissimae
1306 1383 1387 1447 sunt
1400 1380 1532 1463 laudea,

247 1485 369 1572 quibus
404 1488 545 1551 exornat
567 1485 719 1569 magistri
752 1486 932 1569 honorem;
971 1507 1055 1572 quas
1091 1506 1166 1551 eum
1199 1484 1318 1570 legeris
1352 1486 1432 1573 quid
1466 1487 1532 1554 sibi

247 1592 355 1658 uelint
377 1591 469 1658 uitae
500 1590 605 1657 uerba
631 1595 811 1677 ‘nusquam
834 1613 855 1658 a
879 1591 1023 1658 Cornuto
1048 1591 1241 1658 discessisse
1256 1591 1417 1660 Persium’
1439 1597 1534 1660 recte

247 1697 428 1781 intelleges
467 1699 579 1784 Atque
603 1699 707 1784 primo
731 1697 864 1784 quidem
888 1699 1010 1765 obtutu
1034 1699 1222 1781 argumenti
1249 1699 1379 1766 indoles
1406 1722 1531 1785 cogno-

248 1805 363 1871 scitur:
383 1825 528 1891 namque
546 1805 618 1871 sine
634 1803 704 1870 ulla
718 1805 895 1871 uerborum
917 1805 1082 1872 iactantia
1105 1803 1283 1872 candidum
1305 1809 1534 1895 praeceptoris

248 1911 397 1977 animum
420 1911 679 1996 praedicandum
703 1910 766 1977 sibi
788 1912 961 1999 proposuit
983 1915 1092 1998 poete,
1121 1913 1178 1999 qui
1202 1911 1385 1981 Cornutum
1406 1914 1531 2001 ipsum,

248 2039 347 2105 quem
369 2017 470 2102 tingit
492 2021 714 2105 praesentem,
747 2017 927 2106 alloquitur
948 2021 1113 2106 tanquam
1136 2017 1278 2086 alterum
1302 2019 1488 2106 Socratem,
1507 2043 1535 2087 a

248 2147 313 2212 quo
352 2125 512 2212 puerilem
551 2129 700 2192 aetatem
739 2146 892 2208 egressus
932 2124 976 2191 ad
1009 2146 1125 2192 ueram
1162 2127 1255 2194 uitae
1293 2125 1540 2214 doctrinaeque·

246 2233 412 2299 rationem
444 2231 672 2299 conformatus
704 2236 739 2299 61
769 2232 811 2299 ad
838 2232 965 2320 optima
988 2253 1140 2320 quaeque
1162 2232 1343 2300 liberaliter
1365 2233 1534 2301 deductus

248 2340 301 2405 sit.
346 2341 459 2427 Atque
490 2339 585 2406 addit
615 2338 794 2406 dulciorem
816 2341 909 2406 uocis
940 2359 1060 2406 sonum
1087 2339 1254 2420 laudibus,
1286 2340 1344 2406 ubi
1374 2341 1535 2427 exprimit·

248 2447 440 2530 amicitiam,
464 2468 551 2533 quae
568 2445 632 2513 sibi
647 2448 833 2515 intercedat
849 2469 925 2515 oum
940 2446 1153 2515 dilectissimo
1170 2449 1340 2532 magistro,
1364 2449 1532 2517 sinceram

248 2574 331 2621 sane
355 2555 457 2639 atque
479 2553 659 2620 firmiorem
683 2575 784 2640 quam
808 2576 895 2641 quae
918 2575 1068 2641 unquam
1092 2554 1157 2621 elui
1180 2555 1303 2640 possit;
1334 2556 1386 2623 cui
1417 2577 1532 2642 quan-

247 2665 321 2726 tum
351 2660 422 2745 ipse
454 2659 576 2726 debeat
599 2661 788 2742 gratissimo
813 2661 924 2727 animo
948 2662 1152 2747 pronuntiat.
1197 2660 1372 2729 Laudatur
1393 2661 1529 2748 quidem

249 2767 415 2833 Cornutus
436 2766 601 2849 genuinus
618 2766 750 2834 Stoicae
766 2767 937 2834 doctrinae
954 2769 1150 2853 assectator,
1175 2770 1325 2852 egregius
1340 2769 1533 2836 iuuentutis

248 2876 452 2960 praeceptor,
485 2874 717 2940 sanctissimus
747 2872 920 2941 familiaris
951 2874 1088 2942 amicus.
1134 2874 1284 2942 Stoicum
1306 2878 1438 2962 praeter
1460 2875 1533 2942 alia

249 2980 441 3063 significant
463 2981 563 3046 huius
587 2983 723 3047 saturae
745 3003 801 3048 uu.
818 2981 860 3047 62
869 3002 969 3068 seqq,
994 2980 1053 3047 ubi
1076 2979 1116 3048 de
1140 2982 1326 3049 studiorum
1346 2983 1533 3049 seueritate·

249 3087 414 3174 descripta
448 3088 632 3175 comparari
665 3090 817 3175 possunt,
858 3109 944 3175 quae
975 3088 1047 3175 1666
1081 3087 1208 3175 profert
1240 3088 1458 3176 philosophus
1492 3091 1528 3155 in

249 3192 407 3280 opusculo
438 3195 535 3260 nobis
563 3199 698 3262 seruato
729 3193 767 3282 (c.
786 3194 864 3260 XIV
881 3217 911 3282 p.
931 3195 1084 3280 18,1t.):
1117 3198 1170 3261 καὶ
1201 3197 1262 3280 γὰρ
1291 3203 1346 3280 τῆς
1377 3198 1410 3261 ἒν
1440 3199 1534 3263 νυκτὶ.

249 3304 408 3386 ξητήσεως
432 3303 480 3366 δεῖ
499 3303 581 3386 πρὸς
602 3304 639 3367 τὰ
663 3303 742 3367 κατὰ
765 3304 944 3389 6611161661)
988 3301 1116 3368 Deinde
1144 3322 1210 3387 quo
1238 3301 1336 3369 modo
1360 3323 1396 3368 se
1420 3302 1530 3389 appii--

249 3407 377 3474 cauen‘t
400 3407 443 3475 ad
460 3405 596 3474 Comuti
619 3407 836 3495 disciplinam,
861 3429 963 3495 quam
984 3410 1137 3495 prompto
1161 3409 1207 3474 sit
1228 3411 1381 3495 receptus
1404 3410 1526 3493 animo,

247 3513 325 3584 inde
358 3535 380 3580 a
409 3536 440 3580 u.
464 3514 508 3580 30
541 3517 690 3580 testatur
711 3518 821 3602 poeta.
867 3516 967 3582 Porro
996 3535 1066 3580 una
1088 3513 1270 3602 eademque
1294 3515 1391 3600 quasi
1413 3518 1532 3583 mente

248 3622 318 3706 regi
347 3643 422 3688 sese
452 3623 568 3687 narrat
595 3624 697 3708 atque
720 3621 823 3705 illum,
856 3642 998 3708 quocum
1021 3641 1146 3687 numen
1169 3620 1337 3707 quoddam
1360 3622 1530 3709 placidum

248 3728 402 3816 idemque
427 3728 511 3795 caeli
533 3730 666 3812 signum
687 3732 883 3795 nascentem
906 3730 974 3794 iam
997 3727 1247 3796 consociauerit.

356 3837 520 3918 Quoniam
551 3839 664 3902 actum
696 3838 747 3902 est
778 3834 819 3901 de
841 3835 964 3920 Persio,
999 3833 1042 3900 ad
1074 3834 1158 3901 alios
1182 3832 1318 3901 Cornuti
1348 3833 1530 3921 disciprdos

248 3944 304 4010 uel
334 3945 458 4010 amicos
488 3946 701 4010 transeamus
731 3963 869 4009 necesse
897 3945 958 4008 est.
1004 3941 1141 4008 Praeter
1162 3941 1313 4008 Persium
1336 3963 1358 4008 6
1381 3941 1526 4008 Oomutc

249 4050 436 4138 sapientiae
459 4051 644 4137 praeceptis
666 4049 816 4116 imbutus
840 4052 893 4116 est
915 4047 957 4116 M.
977 4049 1166 4115 Annaeus
1187 4047 1380 4130 Lucanus,
1404 4049 1530 4133 poetae

250 4157 385 4224 amicus.
432 4156 494 4238 Qui
525 4176 627 4245 quam
656 4158 734 4242 apte
757 4154 889 4223 Stoicae
912 4153 994 4221 fidei
1016 4156 1252 4222 auctoritatem
1275 4152 1469 4241 praetulerit
1491 4154 1529 4219 in

250 4264 395 4331 carmine
419 4284 480 4329 suo
504 4285 602 4330 nemo
626 4263 741 4331 nescit.
789 4263 994 4348 Quapropter
1016 4262 1104 4330 inter
1127 4263 1357 4348 praeceptores
1381 4261 1528 4328 eminen-

357 4442 375 4511 1)
395 4441 501 4496 Eadem
514 4440 672 4496 Stoicorum
685 4440 822 4496 6611611166
834 4439 997 4511 exprimitur
1009 4457 1027 4494 a
1038 4439 1134 4495 Persio
1148 4439 1188 4494 111
1200 4439 1334 4509 53seqq.:
1349 4435 1369 4492 ‘.
1380 4480 1387 4493 .
1399 4437 1529 4509 ,66616116

249 4532 373 4587 bracatis
391 4530 463 4586 illito
476 4529 566 4585 Medis
585 4530 717 4601 porticus,
735 4529 1031 4608 insomnisrquibus
1049 4531 1085 4584 61
1104 4529 1260 4584 detonsa
1281 4527 1456 4582 iuuentus
1473 4525 1529 4581 in-

250 4618 411 4692 uigilut’,
430 4619 479 4674 ubi
497 4617 699 4675 adsiduitatem
717 4611 1040 4720 atqueqnhttcioplrondi
1055 4634 1161 4674 morem
1173 4615 1312 4686 intellegit
1324 4619 1410 4687 poeta
1422 4631 1529 4682 eorum,

251 4711 298 4783 qui
316 4728 334 4766 6
351 4710 462 4783 porticu
479 4705 586 4782 ποικίλῃ
604 4725 708 4764 nomen
727 4711 893 4789 acceptant
930 4728 952 4764 ϊ
