3458 5100
746 307 968 381 -71-

216 487 306 553 hunc
336 484 529 573 scriptorem
563 484 687 552 conicio
720 505 795 552 cum
816 483 857 552 H.
879 484 987 552 Keilio
1010 508 1041 572 p.
1065 485 1139 551 134.
1184 484 1269 552 Item
1291 484 1496 552 Albinum

217 593 510 680 orthographum¹l
534 592 591 661 GL
605 592 666 658 VH
679 615 718 680 p.
734 591 800 659 295
824 613 914 679 seqq.
938 595 973 659 et
994 591 1209 659 Isidorum
1231 591 1496 678 Hispalensemb

215 700 251 765 in
275 699 464 785 Originibus
498 699 609 788 ipsum
641 699 778 766 Oomuti
811 697 960 766 libellum
994 698 1182 787 inspexisse
1216 719 1314 765 nemo
1345 699 1496 786 putabit;

217 827 357 893 quorum
379 806 490 892 libros,
516 827 591 872 cum
613 805 663 872 nil
684 805 762 872 inde
785 805 950 873 lucremur
973 804 1166 872 adOomuti
1189 805 1373 873 doctrinam
1397 826 1497 872 accu-

216 914 323 981 ratius
345 912 617 1001 perspiciendam,
641 933 919 980 commemorasse
943 912 1027 978 satis
1050 913 1169 980 habeo.

282 1326 330 1406 Η.
365 1325 424 1407 De
452 1324 609 1407 ceteris
636 1343 745 1423 quae
773 1325 927 1406 extant
954 1322 1008 1406 de
1036 1322 1208 1432 comati
1235 1322 1433 1406 doctrina

722 1449 992 1531 testimoniis.

323 1591 415 1688 Quae
440 1609 598 1695 quoniam
622 1608 761 1694 exposui
783 1607 987 1695 paucissima
1016 1610 1150 1674 restant
1180 1628 1266 1693 quae
1297 1607 1338 1674 de
1363 1606 1500 1673 Cornuti

216 1714 412 1797 fragmentis
444 1713 593 1782 adiciam.
640 1716 689 1781 Ac
717 1714 860 1802 primum
892 1713 1025 1801 quidem
1057 1713 1166 1781 dicam
1197 1713 1237 1780 de
1264 1713 1337 1781 loco
1361 1713 1500 1781 Charisii

217 1820 274 1888 GL
297 1820 312 1886 Ι
334 1844 364 1908 p.
381 1822 456 1906 201,
484 1821 525 1886 10
547 1820 587 1887 Κ.
619 1843 701 1888 sane
733 1823 895 1908 corrupto.
942 1821 1003 1903 Qui
1036 1842 1137 1908 quam
1169 1841 1270 1908 saepe
1302 1820 1500 1888 excitauerit

215 1929 360 1994 uirorum
395 1926 566 1995 doctorum
602 1927 847 2015 disputationes
885 1926 941 1994 uel
979 1928 1187 1995 coniecturas
1222 1949 1290 1994 non
1325 1929 1378 1995 est
1412 1926 1500 2014 quod

216 2055 372 2102 moneam
394 2037 473 2122 post
494 2033 640 2100 Keilium
670 2035 690 2100 l.
714 2056 739 2101 s.
764 2033 839 2101 adn.
864 2037 899 2102 et
921 2031 1170 2120 Buechelerum,
1198 2055 1282 2100 mue.
1305 2033 1412 2100 Rhen
1435 2031 1500 2101 uob

215 2140 356 2208 XXXIV
380 2140 489 2228 (1879)
512 2163 543 2227 p.
559 2141 641 2225 3473
671 2139 709 2207 cf.
734 2142 837 2208 etiam
859 2140 1020 2223 Ribbeck,
1052 2141 1252 2208 comicomm
1273 2140 1501 2208 Romanorum

215 2248 475 2334 fragmenta³p
492 2246 533 2314 91
553 2245 648 2337 [atel.
695 2246 825 2314 (litatur
848 2249 937 2314 euim
960 2270 982 2315 a
1004 2246 1153 2315 Charisio
1176 2248 1196 2314 l
1214 2269 1239 2315 s.
1262 2250 1395 2336 praeter
1417 2247 1500 2315 an-

217 2355 327 2421 cilium
359 2357 412 2436 (sc.
436 2354 596 2442 Statium)
627 2357 771 2446 'anneus
802 2357 962 2421 comutus
993 2353 1039 2421 lib
1070 2354 1130 2438 tab
1161 2357 1274 2422 castai
1300 2355 1406 2442 patris
1436 2354 1499 2421 sui’

215 2460 305 2547 (uide
320 2460 410 2527 infra
425 2482 455 2548 p.
471 2461 536 2547 83),
561 2482 626 2547 quo
644 2461 685 2528 de
708 2460 791 2528 libro
808 2464 984 2548 praeterea
998 2459 1129 2528 nullum
1149 2464 1246 2528 extat
1260 2460 1501 2529 testimonium.

217 2567 385 2652 Cogitauit
400 2566 583 2634 Buecheler
604 2568 624 2634 l.
641 2590 667 2635 s.
691 2568 732 2636 de
755 2568 839 2635 libro
863 2567 1008 2654 quodam
1032 2569 1237 2636 ‘tabularum
1260 2569 1501 2653 castrensium’,

217 2695 293 2741 cum
315 2676 420 2761 patris
443 2675 497 2740 sui
519 2677 763 2742 testamentum
785 2676 820 2742 in
844 2675 963 2742 castris
986 2674 1116 2742 factum
1139 2675 1301 2760 singulari
1322 2675 1405 2742 libro
1429 2674 1499 2742 edi-

217 2781 306 2848 disse
328 2784 506 2848 Annaeum
536 2785 681 2869 putaret.
727 2781 793 2850 Sed
823 2781 905 2848 mihi
936 2781 1080 2868 quidem,
1113 2782 1143 2849 si
1173 2783 1399 2850 coniecturam
1425 2803 1501 2870 pro-

216 2908 339 2975 ponere
361 2889 449 2974 licet,
481 2888 742 2957 Caecilianorum
770 2910 930 2956 uersuum
960 2889 1086 2957 mentio
1118 2888 1235 2957 eodem
1259 2889 1398 2957 Charisii
1428 2889 1501 2957 loco

216 2993 312 3061 illata
334 2994 399 3061 alio
423 3015 544 3062 uocare
568 2996 709 3063 uidetur.
751 2995 840 3062 Nam
864 3017 939 3062 cum
962 2995 1067 3063 uerba
1089 2976 1349 3083 grammatici'p.
1366 2997 1441 3081 201,
1460 2995 1501 3064 13

218 3101 377 3188 ‘profecto
394 3101 450 3188 qui
473 3101 688 3189 &refertaque
703 3102 868 3190 Ribbeck)
892 3103 989 3170 nobis
1009 3103 1044 3168 in
1060 3101 1185 3170 mundo
1200 3102 1353 3170 futurum
1366 3096 1501 3170 lectum’

218 3207 261 3275 ad
296 3207 519 3276 Caecilianam
552 3207 718 3295 fabulam,
753 3230 822 3276 non
856 3208 900 3275 ad
924 3210 1056 3276 Annaei
1090 3206 1298 3296 opusculum,
1334 3209 1502 3277 communi

218 3315 365 3381 uirorum
388 3314 559 3382 doctorum
584 3336 752 3383 consensu
773 3315 971 3399 referantur,
994 3315 1066 3403 ipse
1083 3316 1250 3383 Cornutus
1273 3325 1362 3386 recte
1384 3317 1415 3384 is
1436 3323 1502 3406 pu-

218 3424 319 3504 tatur,
343 3422 400 3508 qui
420 3421 511 3488 hunc
533 3443 670 3489 uersum
690 3422 816 3490 scilicet
838 3423 931 3489 uocis
953 3425 992 3491 in
1014 3425 1135 3493 mando
1158 3422 1375 3511 explicandae
1399 3445 1503 3491 causa

220 3526 342 3595 alicubi
357 3529 575 3615 adscripserit.
616 3527 712 3612 Quod
727 3528 840 3617 aptius
860 3528 904 3596 ad
918 3529 1041 3595 libmm
1063 3529 1231 3616 quendam
1248 3530 1503 3615 grammaticum

89 3629 90 3634 ’
218 3633 274 3702 uel
309 3634 600 3722 orthographicum
634 3636 784 3704 reuocari
817 3636 1044 3725 putauerim.⁸)
1099 3637 1216 3724 Neque
1254 3636 1412 3704 abhorret
1448 3636 1502 3704 hic

220 3739 345 3807 citandi
360 3740 478 3808 modus
502 3765 523 3809 a
539 3742 678 3810 Charisii
700 3743 866 3811 scribendi
885 3765 960 3829 usu,
985 3744 1042 3830 qui
1065 3744 1200 3831 saepius
1216 3744 1370 3831 exempla
1384 3737 1503 3811 laudat

220 3848 416 3935 scriptorum
441 3848 501 3933 ita,
529 3850 648 3936 utqui
672 3854 826 3918 auctores
854 3850 1003 3935 singulas
1025 3851 1226 3938 protulerint
1248 3851 1502 3918 obseruationes

219 3956 414 4043 pronuntiet
436 3956 548 4022 uerbis
571 3957 677 4023 ueluti
699 3957 808 4025 hisce:
832 3960 905 4024 ‘ut.
925 4008 955 4026 ..
979 3961 1091 4042 notat3
1114 3961 1154 4025 ut
1170 4008 1177 4023 .
1193 4007 1224 4024 ..
1248 3957 1378 4042 scribit3
1401 3959 1501 4026 ut...

542 4347 604 4414 305,
620 4347 652 4403 ll
671 4371 708 4393 =
793 4349 910 4415 14919.

551 4577 563 4632 Ι
581 4577 671 4644 2916
689 4603 725 4625 =
813 4579 873 4646 149,
887 4580 928 4636 19.

329 4665 349 4739 ³)
368 4667 405 4723 ct.
424 4667 504 4732 Iahn,
522 4667 610 4722 Persii
628 4667 754 4739 prolegg.
773 4686 799 4740 p.
812 4668 885 4727 XXI.
