<?xml version="1.0" encoding="UTF-8"?>
<!DOCTYPE html PUBLIC "-//W3C//DTD XHTML 1.0 Transitional//EN"
    "http://www.w3.org/TR/xhtml1/DTD/xhtml1-transitional.dtd">
<html xmlns="http://www.w3.org/1999/xhtml" xml:lang="en" lang="en">
 <head>
  <title>
</title>
<meta http-equiv="Content-Type" content="text/html;charset=utf-8" />
  <meta name='ocr-system' content='tesseract 3.04.00' />
  <meta name='ocr-capabilities' content='ocr_page ocr_carea ocr_par ocr_line ocrx_word'/>
</head>
<body>
  <div class='ocr_page' id='page_1' title='image "./delannaeocornut00reppgoog_0090.png"; bbox 0 0 3458 5100; ppageno 0'>
   <div class='ocr_carea' id='block_1_1' title="bbox 733 333 1113 399">
    <p class='ocr_par' dir='ltr' id='par_1_1' title="bbox 733 333 1113 399">
     <span class='ocr_line' id='line_1_1' title="bbox 733 333 1113 399; baseline -0.016 -17"><span class='ocrx_word' id='word_1_1' title='bbox 733 333 956 399; x_wconf 67' lang='lat'><strong>..31-</strong></span> <span class='ocrx_word' id='word_1_2' title='bbox 1095 371 1113 376; x_wconf 83' lang='lat'>..</span> 
     </span>
    </p>
   </div>
   <div class='ocr_carea' id='block_1_2' title="bbox 205 505 1608 831">
    <p class='ocr_par' dir='ltr' id='par_1_2' title="bbox 205 505 1608 831">
     <span class='ocr_line' id='line_1_2' title="bbox 205 505 1608 612; baseline -0.002 -31"><span class='ocrx_word' id='word_1_3' title='bbox 205 515 383 599; x_wconf 76' lang='lat' dir='ltr'><strong>mactatur,</strong></span> <span class='ocrx_word' id='word_1_4' title='bbox 411 511 445 579; x_wconf 93' lang='lat' dir='ltr'>id</span> <span class='ocrx_word' id='word_1_5' title='bbox 465 514 519 579; x_wconf 88' lang='lat' dir='ltr'>est</span> <span class='ocrx_word' id='word_1_6' title='bbox 534 510 694 598; x_wconf 92' lang='lat' dir='ltr'>quidquid</span> <span class='ocrx_word' id='word_1_7' title='bbox 709 509 760 578; x_wconf 89' lang='lat' dir='ltr'>dis</span> <span class='ocrx_word' id='word_1_8' title='bbox 776 511 892 578; x_wconf 87' lang='lat' dir='ltr'>datur&#39;</span> <span class='ocrx_word' id='word_1_9' title='bbox 916 511 976 595; x_wconf 73' lang='lat' dir='ltr'>lita</span> <span class='ocrx_word' id='word_1_10' title='bbox 991 509 1084 585; x_wconf 82' lang='lat' dir='ltr'>Iahn.</span> <span class='ocrx_word' id='word_1_11' title='bbox 1105 509 1300 578; x_wconf 76' lang='lat' dir='ltr'>Buecheler:</span> <span class='ocrx_word' id='word_1_12' title='bbox 1325 505 1487 612; x_wconf 67' lang='lat' dir='ltr'>dicuutur</span> <span class='ocrx_word' id='word_1_13' title='bbox 1606 525 1608 532; x_wconf 86' lang='lat'>&#39;</span> 
     </span>
     <span class='ocr_line' id='line_1_3' title="bbox 206 612 1487 703; baseline -0.002 -17"><span class='ocrx_word' id='word_1_14' title='bbox 206 612 261 688; x_wconf 80' lang='lat' dir='ltr'>&#39;uel</span> <span class='ocrx_word' id='word_1_15' title='bbox 284 623 456 689; x_wconf 68' lang='lat' dir='ltr'>discretior</span> <span class='ocrx_word' id='word_1_16' title='bbox 478 618 534 685; x_wconf 87' lang='lat' dir='ltr'>uel</span> <span class='ocrx_word' id='word_1_17' title='bbox 556 621 696 688; x_wconf 67' lang='lat' dir='ltr'>ducatur</span> <span class='ocrx_word' id='word_1_18' title='bbox 718 617 830 703; x_wconf 84' lang='lat' dir='ltr'>codd).</span> <span class='ocrx_word' id='word_1_19' title='bbox 876 617 916 687; x_wconf 89' lang='lat' dir='ltr'>cf.</span> <span class='ocrx_word' id='word_1_20' title='bbox 948 617 1051 684; x_wconf 85' lang='lat' dir='ltr'>etiam</span> <span class='ocrx_word' id='word_1_21' title='bbox 1081 616 1244 684; x_wconf 85' lang='lat' dir='ltr'>Seruius</span> <span class='ocrx_word' id='word_1_22' title='bbox 1272 621 1415 686; x_wconf 89' lang='lat' dir='ltr'>auctus</span> <span class='ocrx_word' id='word_1_23' title='bbox 1438 615 1487 685; x_wconf 90' lang='lat' dir='ltr'>ad</span> 
     </span>
     <span class='ocr_line' id='line_1_4' title="bbox 205 726 579 831; baseline -0.005 -37"><span class='ocrx_word' id='word_1_24' title='bbox 205 730 298 831; x_wconf 79' lang='grc' dir='ltr'>ΙΑιιιι.</span> <span class='ocrx_word' id='word_1_25' title='bbox 321 726 366 793; x_wconf 87' lang='lat' dir='ltr'>IV</span> <span class='ocrx_word' id='word_1_26' title='bbox 382 727 434 795; x_wconf 78' lang='lat'>57.</span> <span class='ocrx_word' id='word_1_27' title='bbox 457 729 501 812; x_wconf 82' lang='lat' dir='ltr'>(p.</span> <span class='ocrx_word' id='word_1_28' title='bbox 520 730 579 809; x_wconf 83' lang='grc'><strong>45).</strong></span> 
     </span>
    </p>
   </div>
   <div class='ocr_carea' id='block_1_3' title="bbox 203 817 1491 3271">
    <p class='ocr_par' dir='ltr' id='par_1_3' title="bbox 203 817 1487 1135">
     <span class='ocr_line' id='line_1_5' title="bbox 314 817 1486 921; baseline 0 -23"><span class='ocrx_word' id='word_1_29' title='bbox 314 817 539 921; x_wconf 73' lang='grc' dir='ltr'>Ιιιιθιριθε</span> <span class='ocrx_word' id='word_1_30' title='bbox 562 832 829 899; x_wconf 87' lang='lat' dir='ltr'>Veronensis</span> <span class='ocrx_word' id='word_1_31' title='bbox 852 831 906 899; x_wconf 88' lang='lat' dir='ltr'>ad</span> <span class='ocrx_word' id='word_1_32' title='bbox 927 831 1026 898; x_wconf 87' lang='lat' dir='ltr'>Aen.</span> <span class='ocrx_word' id='word_1_33' title='bbox 1049 830 1094 897; x_wconf 91' lang='lat' dir='ltr'>IV</span> <span class='ocrx_word' id='word_1_34' title='bbox 1120 830 1184 899; x_wconf 81' lang='lat'>178</span> <span class='ocrx_word' id='word_1_35' title='bbox 1206 853 1236 918; x_wconf 90' lang='lat' dir='ltr'>p.</span> <span class='ocrx_word' id='word_1_36' title='bbox 1255 830 1388 916; x_wconf 82' lang='lat'>431,15</span> <span class='ocrx_word' id='word_1_37' title='bbox 1410 829 1486 915; x_wconf 57' lang='lat' dir='ltr'>HJ),</span> 
     </span>
     <span class='ocr_line' id='line_1_6' title="bbox 203 937 1487 1007; baseline -0.002 0"><span class='ocrx_word' id='word_1_38' title='bbox 203 940 353 1007; x_wconf 75' lang='lat' dir='ltr'>‘ILLAM</span> <span class='ocrx_word' id='word_1_39' title='bbox 382 939 528 1007; x_wconf 67' lang='grc' dir='ltr'>’.ι’-ΗΒΕΑ</span> <span class='ocrx_word' id='word_1_40' title='bbox 558 937 728 1006; x_wconf 77' lang='lat' dir='ltr'>PARENS</span> <span class='ocrx_word' id='word_1_41' title='bbox 758 937 834 1004; x_wconf 83' lang='lat' dir='ltr'>IRA</span> <span class='ocrx_word' id='word_1_42' title='bbox 864 937 1072 1004; x_wconf 70' lang='lat' dir='ltr'>marram</span> <span class='ocrx_word' id='word_1_43' title='bbox 1099 937 1265 1005; x_wconf 76' lang='lat' dir='ltr'>Cornutus</span> <span class='ocrx_word' id='word_1_44' title='bbox 1295 941 1317 964; x_wconf 76' lang='lat'>‘²</span> <span class='ocrx_word' id='word_1_45' title='bbox 1323 987 1487 1006; x_wconf 85' lang='grc'><strong>......</strong></span> 
     </span>
     <span class='ocr_line' id='line_1_7' title="bbox 209 1045 1149 1135; baseline -0.005 -19"><span class='ocrx_word' id='word_1_46' title='bbox 209 1048 308 1135; x_wconf 79' lang='lat' dir='ltr'>(quid)</span> <span class='ocrx_word' id='word_1_47' title='bbox 332 1095 683 1116; x_wconf 86' lang='grc'><strong>............</strong></span> <span class='ocrx_word' id='word_1_48' title='bbox 707 1067 725 1112; x_wconf 95' lang='lat' dir='ltr'>e</span> <span class='ocrx_word' id='word_1_49' title='bbox 748 1047 912 1134; x_wconf 82' lang='lat' dir='ltr'>posset&#39;&#39;&#39;</span> <span class='ocrx_word' id='word_1_50' title='bbox 938 1047 984 1130; x_wconf 80' lang='lat' dir='ltr'>(p.</span> <span class='ocrx_word' id='word_1_51' title='bbox 1007 1045 1059 1113; x_wconf 73' lang='grc'>44</span> <span class='ocrx_word' id='word_1_52' title='bbox 1082 1046 1149 1128; x_wconf 82' lang='grc'><strong>46).</strong></span> 
     </span>
    </p>

    <p class='ocr_par' dir='ltr' id='par_1_4' title="bbox 204 1144 1487 1564">
     <span class='ocr_line' id='line_1_8' title="bbox 294 1144 1486 1238; baseline -0.002 -18"><span class='ocrx_word' id='word_1_53' title='bbox 294 1144 563 1220; x_wconf 70' lang='lat' dir='ltr'>&#39;Macrobius</span> <span class='ocrx_word' id='word_1_54' title='bbox 594 1152 766 1219; x_wconf 83' lang='lat' dir='ltr'>Satura.</span> <span class='ocrx_word' id='word_1_55' title='bbox 790 1152 821 1217; x_wconf 93' lang='lat' dir='ltr'>V</span> <span class='ocrx_word' id='word_1_56' title='bbox 846 1151 932 1235; x_wconf 85' lang='lat'>19,1</span> <span class='ocrx_word' id='word_1_57' title='bbox 959 1154 1021 1233; x_wconf 90' lang='lat'>(=</span> <span class='ocrx_word' id='word_1_58' title='bbox 1044 1150 1095 1219; x_wconf 88' lang='lat' dir='ltr'>ad</span> <span class='ocrx_word' id='word_1_59' title='bbox 1126 1152 1222 1217; x_wconf 91' lang='lat' dir='ltr'>Aen.</span> <span class='ocrx_word' id='word_1_60' title='bbox 1246 1147 1293 1217; x_wconf 94' lang='lat' dir='ltr'>IV</span> <span class='ocrx_word' id='word_1_61' title='bbox 1315 1151 1381 1219; x_wconf 87' lang='grc'>698</span> <span class='ocrx_word' id='word_1_62' title='bbox 1405 1173 1486 1238; x_wconf 88' lang='lat' dir='ltr'>seq.</span> 
     </span>
     <span class='ocr_line' id='line_1_9' title="bbox 207 1255 1487 1345; baseline -0.002 -17"><span class='ocrx_word' id='word_1_63' title='bbox 207 1264 251 1328; x_wconf 90' lang='lat' dir='ltr'>et</span> <span class='ocrx_word' id='word_1_64' title='bbox 272 1261 370 1328; x_wconf 90' lang='lat' dir='ltr'>Aen.</span> <span class='ocrx_word' id='word_1_65' title='bbox 392 1260 439 1327; x_wconf 85' lang='lat' dir='ltr'>VI</span> <span class='ocrx_word' id='word_1_66' title='bbox 464 1259 546 1344; x_wconf 90' lang='grc'><strong>141).</strong></span> <span class='ocrx_word' id='word_1_67' title='bbox 600 1259 650 1325; x_wconf 84' lang='lat' dir='ltr'>‘ln</span> <span class='ocrx_word' id='word_1_68' title='bbox 671 1258 754 1325; x_wconf 91' lang='lat' dir='ltr'>libro</span> <span class='ocrx_word' id='word_1_69' title='bbox 779 1260 897 1345; x_wconf 91' lang='lat' dir='ltr'>quarto</span> <span class='ocrx_word' id='word_1_70' title='bbox 921 1259 957 1325; x_wconf 92' lang='lat' dir='ltr'>in</span> <span class='ocrx_word' id='word_1_71' title='bbox 981 1255 1198 1325; x_wconf 89' lang='lat' dir='ltr'>describenda</span> <span class='ocrx_word' id='word_1_72' title='bbox 1221 1257 1350 1325; x_wconf 82' lang='lat' dir='ltr'>Elissae</span> <span class='ocrx_word' id='word_1_73' title='bbox 1380 1260 1487 1326; x_wconf 86' lang='lat' dir='ltr'>morte</span> 
     </span>
     <span class='ocr_line' id='line_1_10' title="bbox 204 1363 1486 1455; baseline -0.004 -19"><span class='ocrx_word' id='word_1_74' title='bbox 204 1369 258 1436; x_wconf 88' lang='lat' dir='ltr'>ait</span> <span class='ocrx_word' id='word_1_75' title='bbox 280 1371 334 1451; x_wconf 81' lang='lat' dir='ltr'>(eo.</span> <span class='ocrx_word' id='word_1_76' title='bbox 346 1366 532 1452; x_wconf 73' lang='lat' dir='ltr'>Vergilius),</span> <span class='ocrx_word' id='word_1_77' title='bbox 557 1366 645 1453; x_wconf 92' lang='lat' dir='ltr'>quod</span> <span class='ocrx_word' id='word_1_78' title='bbox 668 1365 699 1432; x_wconf 92' lang='lat' dir='ltr'>ei</span> <span class='ocrx_word' id='word_1_79' title='bbox 718 1366 815 1432; x_wconf 89' lang='lat' dir='ltr'>crinis</span> <span class='ocrx_word' id='word_1_80' title='bbox 839 1365 991 1432; x_wconf 89' lang='lat' dir='ltr'>abscisus</span> <span class='ocrx_word' id='word_1_81' title='bbox 1015 1367 1116 1446; x_wconf 87' lang='lat' dir='ltr'>esset,</span> <span class='ocrx_word' id='word_1_82' title='bbox 1140 1363 1193 1431; x_wconf 92' lang='lat' dir='ltr'>his</span> <span class='ocrx_word' id='word_1_83' title='bbox 1215 1364 1370 1432; x_wconf 90' lang='lat' dir='ltr'>uersibus</span> <span class='ocrx_word' id='word_1_84' title='bbox 1385 1363 1486 1455; x_wconf 84' lang='lat' dir='ltr'>(Aen.</span> 
     </span>
     <span class='ocr_line' id='line_1_11' title="bbox 208 1472 466 1564; baseline 0 -24"><span class='ocrx_word' id='word_1_85' title='bbox 208 1474 254 1541; x_wconf 90' lang='lat' dir='ltr'>IV</span> <span class='ocrx_word' id='word_1_86' title='bbox 277 1473 343 1542; x_wconf 86' lang='grc'>698</span> <span class='ocrx_word' id='word_1_87' title='bbox 366 1472 466 1564; x_wconf 88' lang='lat' dir='ltr'>seq.):</span> 
     </span>
    </p>

    <p class='ocr_par' dir='ltr' id='par_1_5' title="bbox 206 1578 1489 2840">
     <span class='ocr_line' id='line_1_12' title="bbox 390 1578 1305 1666; baseline -0.004 -18"><span class='ocrx_word' id='word_1_88' title='bbox 390 1580 569 1648; x_wconf 84' lang='lat' dir='ltr'>“Nondum</span> <span class='ocrx_word' id='word_1_89' title='bbox 592 1579 640 1647; x_wconf 96' lang='lat' dir='ltr'>illi</span> <span class='ocrx_word' id='word_1_90' title='bbox 661 1579 792 1647; x_wconf 91' lang='lat' dir='ltr'>flauum</span> <span class='ocrx_word' id='word_1_91' title='bbox 814 1579 1012 1666; x_wconf 84' lang='lat' dir='ltr'>Proserpina</span> <span class='ocrx_word' id='word_1_92' title='bbox 1033 1579 1158 1646; x_wconf 89' lang='lat' dir='ltr'>uertice</span> <span class='ocrx_word' id='word_1_93' title='bbox 1182 1578 1305 1645; x_wconf 90' lang='lat' dir='ltr'>crinem</span> 
     </span>
     <span class='ocr_line' id='line_1_13' title="bbox 412 1684 1312 1776; baseline -0.001 -22"><span class='ocrx_word' id='word_1_94' title='bbox 412 1686 602 1755; x_wconf 70' lang='lat' dir='ltr'>abstineret</span> <span class='ocrx_word' id='word_1_95' title='bbox 624 1686 806 1776; x_wconf 83' lang='lat' dir='ltr'>Stygioque</span> <span class='ocrx_word' id='word_1_96' title='bbox 830 1688 931 1774; x_wconf 80' lang='lat' dir='ltr'>ceput</span> <span class='ocrx_word' id='word_1_97' title='bbox 954 1685 1176 1752; x_wconf 89' lang='lat' dir='ltr'>damnauerat</span> <span class='ocrx_word' id='word_1_98' title='bbox 1199 1684 1312 1753; x_wconf 57' lang='lat' dir='ltr'>Orco?</span> 
     </span>
     <span class='ocr_line' id='line_1_14' title="bbox 206 1790 1488 1866; baseline -0.001 -5"><span class='ocrx_word' id='word_1_99' title='bbox 206 1794 328 1862; x_wconf 88' lang='lat' dir='ltr'>deinde</span> <span class='ocrx_word' id='word_1_100' title='bbox 350 1795 410 1866; x_wconf 87' lang='lat' dir='ltr'>Iris</span> <span class='ocrx_word' id='word_1_101' title='bbox 433 1815 456 1860; x_wconf 91' lang='lat' dir='ltr'>a</span> <span class='ocrx_word' id='word_1_102' title='bbox 477 1794 604 1862; x_wconf 90' lang='lat' dir='ltr'>Iunone</span> <span class='ocrx_word' id='word_1_103' title='bbox 626 1793 732 1860; x_wconf 89' lang='lat' dir='ltr'>missa</span> <span class='ocrx_word' id='word_1_104' title='bbox 754 1791 897 1860; x_wconf 78' lang='lat' dir='ltr'>abscidit</span> <span class='ocrx_word' id='word_1_105' title='bbox 920 1793 950 1860; x_wconf 91' lang='lat' dir='ltr'>ei</span> <span class='ocrx_word' id='word_1_106' title='bbox 974 1792 1098 1860; x_wconf 91' lang='lat' dir='ltr'>crinem</span> <span class='ocrx_word' id='word_1_107' title='bbox 1120 1795 1161 1860; x_wconf 86' lang='lat' dir='ltr'>et·</span> <span class='ocrx_word' id='word_1_108' title='bbox 1178 1791 1222 1860; x_wconf 88' lang='lat' dir='ltr'>ad</span> <span class='ocrx_word' id='word_1_109' title='bbox 1238 1790 1358 1860; x_wconf 88' lang='lat' dir='ltr'>Orcum</span> <span class='ocrx_word' id='word_1_110' title='bbox 1379 1793 1488 1860; x_wconf 85' lang='lat' dir='ltr'>refert</span> 
     </span>
     <span class='ocr_line' id='line_1_15' title="bbox 208 1898 1488 1986; baseline -0.003 -16"><span class='ocrx_word' id='word_1_111' title='bbox 208 1904 296 1970; x_wconf 91' lang='lat' dir='ltr'>hanc</span> <span class='ocrx_word' id='word_1_112' title='bbox 318 1900 483 1986; x_wconf 88' lang='lat' dir='ltr'>Vergilius</span> <span class='ocrx_word' id='word_1_113' title='bbox 513 1922 583 1968; x_wconf 91' lang='lat' dir='ltr'>non</span> <span class='ocrx_word' id='word_1_114' title='bbox 612 1899 653 1968; x_wconf 93' lang='lat' dir='ltr'>de</span> <span class='ocrx_word' id='word_1_115' title='bbox 686 1898 791 1968; x_wconf 90' lang='lat' dir='ltr'>nihilo</span> <span class='ocrx_word' id='word_1_116' title='bbox 821 1898 973 1967; x_wconf 86' lang='lat' dir='ltr'>fabulam</span> <span class='ocrx_word' id='word_1_117' title='bbox 1002 1899 1103 1983; x_wconf 88' lang='lat' dir='ltr'>fingit</span> <span class='ocrx_word' id='word_1_118' title='bbox 1130 1899 1217 1967; x_wconf 88' lang='lat' dir='ltr'>sicut</span> <span class='ocrx_word' id='word_1_119' title='bbox 1246 1900 1299 1965; x_wconf 88' lang='lat' dir='ltr'>uir</span> <span class='ocrx_word' id='word_1_120' title='bbox 1320 1898 1406 1967; x_wconf 89' lang='lat' dir='ltr'>alias</span> <span class='ocrx_word' id='word_1_121' title='bbox 1429 1899 1488 1967; x_wconf 90' lang='lat' dir='ltr'>do-</span> 
     </span>
     <span class='ocr_line' id='line_1_16' title="bbox 208 2005 1488 2094; baseline -0.002 -18"><span class='ocrx_word' id='word_1_122' title='bbox 208 2009 378 2076; x_wconf 84' lang='lat' dir='ltr'>ctissimus</span> <span class='ocrx_word' id='word_1_123' title='bbox 401 2008 619 2076; x_wconf 76' lang='lat' dir='ltr'>Cornutus</span> <span class='ocrx_word' id='word_1_124' title='bbox 642 2007 824 2091; x_wconf 78' lang='lat' dir='ltr'>existImat,</span> <span class='ocrx_word' id='word_1_125' title='bbox 849 2009 905 2094; x_wconf 90' lang='lat' dir='ltr'>qui</span> <span class='ocrx_word' id='word_1_126' title='bbox 935 2005 1190 2074; x_wconf 78' lang='lat' dir='ltr'>adnotationem</span> <span class='ocrx_word' id='word_1_127' title='bbox 1221 2006 1406 2073; x_wconf 91' lang='lat' dir='ltr'>eiusmodi</span> <span class='ocrx_word' id='word_1_128' title='bbox 1428 2005 1488 2073; x_wconf 89' lang='lat' dir='ltr'>ad-</span> 
     </span>
     <span class='ocr_line' id='line_1_17' title="bbox 208 2111 1489 2203; baseline -0.003 -21"><span class='ocrx_word' id='word_1_129' title='bbox 208 2115 322 2203; x_wconf 88' lang='lat' dir='ltr'>posuit</span> <span class='ocrx_word' id='word_1_130' title='bbox 343 2114 397 2181; x_wconf 87' lang='lat' dir='ltr'>his</span> <span class='ocrx_word' id='word_1_131' title='bbox 420 2114 590 2182; x_wconf 88' lang='lat' dir='ltr'>uersibus:</span> <span class='ocrx_word' id='word_1_132' title='bbox 621 2112 732 2180; x_wconf 85' lang='lat' dir='ltr'>“unde</span> <span class='ocrx_word' id='word_1_133' title='bbox 762 2114 847 2182; x_wconf 91' lang='lat' dir='ltr'>haec</span> <span class='ocrx_word' id='word_1_134' title='bbox 869 2113 1011 2181; x_wconf 89' lang='lat' dir='ltr'>historia</span> <span class='ocrx_word' id='word_1_135' title='bbox 1033 2115 1073 2179; x_wconf 91' lang='lat' dir='ltr'>ut</span> <span class='ocrx_word' id='word_1_136' title='bbox 1096 2112 1194 2180; x_wconf 86' lang='lat' dir='ltr'>crinis</span> <span class='ocrx_word' id='word_1_137' title='bbox 1218 2111 1421 2180; x_wconf 85' lang='lat' dir='ltr'>auferendus</span> <span class='ocrx_word' id='word_1_138' title='bbox 1439 2113 1489 2179; x_wconf 91' lang='lat' dir='ltr'>sit</span> 
     </span>
     <span class='ocr_line' id='line_1_18' title="bbox 208 2218 1489 2307; baseline -0.001 -18"><span class='ocrx_word' id='word_1_139' title='bbox 208 2221 437 2305; x_wconf 89' lang='lat' dir='ltr'>morientibus,</span> <span class='ocrx_word' id='word_1_140' title='bbox 467 2221 649 2304; x_wconf 86' lang='lat' dir='ltr'>ignoratur,</span> <span class='ocrx_word' id='word_1_141' title='bbox 682 2220 741 2287; x_wconf 91' lang='lat' dir='ltr'>sed</span> <span class='ocrx_word' id='word_1_142' title='bbox 771 2218 928 2288; x_wconf 88' lang='lat' dir='ltr'>adsueuit</span> <span class='ocrx_word' id='word_1_143' title='bbox 956 2220 1085 2307; x_wconf 89' lang='lat' dir='ltr'>poetico</span> <span class='ocrx_word' id='word_1_144' title='bbox 1117 2240 1207 2287; x_wconf 90' lang='lat' dir='ltr'>more</span> <span class='ocrx_word' id='word_1_145' title='bbox 1230 2219 1344 2306; x_wconf 88' lang='lat' dir='ltr'>aliqua</span> <span class='ocrx_word' id='word_1_146' title='bbox 1364 2220 1489 2304; x_wconf 89' lang='lat' dir='ltr'>fingere</span> 
     </span>
     <span class='ocr_line' id='line_1_19' title="bbox 209 2323 1488 2417; baseline -0.001 -24"><span class='ocrx_word' id='word_1_147' title='bbox 209 2331 250 2396; x_wconf 94' lang='lat' dir='ltr'>ut</span> <span class='ocrx_word' id='word_1_148' title='bbox 271 2327 312 2395; x_wconf 89' lang='lat' dir='ltr'>de</span> <span class='ocrx_word' id='word_1_149' title='bbox 336 2349 437 2395; x_wconf 88' lang='lat' dir='ltr'>aureo</span> <span class='ocrx_word' id='word_1_150' title='bbox 460 2331 575 2395; x_wconf 85' lang='lat' dir='ltr'>ramo”</span> <span class='ocrx_word' id='word_1_151' title='bbox 598 2325 699 2417; x_wconf 84' lang='lat' dir='ltr'>(Aen.</span> <span class='ocrx_word' id='word_1_152' title='bbox 715 2327 762 2393; x_wconf 81' lang='lat' dir='ltr'>VI</span> <span class='ocrx_word' id='word_1_153' title='bbox 777 2323 869 2417; x_wconf 78' lang='lat'><strong>141).</strong></span> <span class='ocrx_word' id='word_1_154' title='bbox 892 2327 977 2394; x_wconf 92' lang='lat' dir='ltr'>haec</span> <span class='ocrx_word' id='word_1_155' title='bbox 1000 2327 1167 2394; x_wconf 81' lang='lat' dir='ltr'>Cornutus</span> <span class='ocrx_word' id='word_1_156' title='bbox 1187 2379 1197 2395; x_wconf 90' lang='lat'><strong>.</strong></span> <span class='ocrx_word' id='word_1_157' title='bbox 1221 2377 1227 2393; x_wconf 93' lang='lat'><strong>.</strong></span> <span class='ocrx_word' id='word_1_158' title='bbox 1252 2377 1259 2394; x_wconf 93' lang='lat'><strong>.</strong></span> <span class='ocrx_word' id='word_1_159' title='bbox 1285 2329 1404 2394; x_wconf 87' lang='lat' dir='ltr'>tantus</span> <span class='ocrx_word' id='word_1_160' title='bbox 1426 2327 1488 2411; x_wconf 89' lang='lat' dir='ltr'>uir,</span> 
     </span>
     <span class='ocr_line' id='line_1_20' title="bbox 210 2425 1276 2520; baseline 0 -18"><span class='ocrx_word' id='word_1_161' title='bbox 210 2425 413 2503; x_wconf 86' lang='lat' dir='ltr'>Graecarum</span> <span class='ocrx_word' id='word_1_162' title='bbox 435 2434 538 2501; x_wconf 84' lang='lat' dir='ltr'>etiam</span> <span class='ocrx_word' id='word_1_163' title='bbox 562 2434 775 2502; x_wconf 85' lang='lat' dir='ltr'>doctissimus</span> <span class='ocrx_word' id='word_1_164' title='bbox 797 2433 983 2501; x_wconf 81' lang='lat' dir='ltr'>lilterarum</span> <span class='ocrx_word' id='word_1_165' title='bbox 1007 2483 1015 2500; x_wconf 92' lang='lat'><strong>.</strong></span> <span class='ocrx_word' id='word_1_166' title='bbox 1037 2479 1046 2500; x_wconf 85' lang='lat'><strong>.</strong></span> <span class='ocrx_word' id='word_1_167' title='bbox 1069 2437 1087 2502; x_wconf 75' lang='lat'>,³</span> <span class='ocrx_word' id='word_1_168' title='bbox 1112 2437 1155 2520; x_wconf 80' lang='lat' dir='ltr'>(p.</span> <span class='ocrx_word' id='word_1_169' title='bbox 1174 2436 1246 2519; x_wconf 89' lang='grc'><strong>44).</strong></span> <span class='ocrx_word' id='word_1_170' title='bbox 1274 2481 1276 2486; x_wconf 82' lang='lat'><strong>.</strong></span> 
     </span>
     <span class='ocr_line' id='line_1_21' title="bbox 212 2538 1489 2629; baseline -0.002 -21"><span class='ocrx_word' id='word_1_171' title='bbox 212 2619 214 2626; x_wconf 18' lang='lat' dir='ltr'>y</span> <span class='ocrx_word' id='word_1_172' title='bbox 315 2542 568 2629; x_wconf 89' lang='lat' dir='ltr'>Interpres</span> <span class='ocrx_word' id='word_1_173' title='bbox 595 2541 870 2608; x_wconf 86' lang='lat' dir='ltr'>Veronensis</span> <span class='ocrx_word' id='word_1_174' title='bbox 904 2540 955 2608; x_wconf 91' lang='lat' dir='ltr'>ad</span> <span class='ocrx_word' id='word_1_175' title='bbox 989 2538 1232 2608; x_wconf 84' lang='lat' dir='ltr'>AenV488</span> <span class='ocrx_word' id='word_1_176' title='bbox 1258 2563 1288 2628; x_wconf 93' lang='lat' dir='ltr'>p.</span> <span class='ocrx_word' id='word_1_177' title='bbox 1312 2540 1425 2620; x_wconf 63' lang='grc'><strong>4363</strong></span> <span class='ocrx_word' id='word_1_178' title='bbox 1448 2539 1489 2607; x_wconf 93' lang='grc' dir='ltr'>Η.</span> 
     </span>
     <span class='ocr_line' id='line_1_22' title="bbox 206 2646 1489 2735; baseline -0.001 -19"><span class='ocrx_word' id='word_1_179' title='bbox 206 2649 339 2733; x_wconf 82' lang='lat' dir='ltr'>‘Long.:</span> <span class='ocrx_word' id='word_1_180' title='bbox 362 2647 528 2716; x_wconf 85' lang='lat' dir='ltr'>“adnotat</span> <span class='ocrx_word' id='word_1_181' title='bbox 543 2648 780 2734; x_wconf 76' lang='lat' dir='ltr'>Cornutus,</span> <span class='ocrx_word' id='word_1_182' title='bbox 805 2647 894 2735; x_wconf 92' lang='lat' dir='ltr'>quod</span> <span class='ocrx_word' id='word_1_183' title='bbox 915 2646 1108 2714; x_wconf 81' lang='lat' dir='ltr'>indecenter</span> <span class='ocrx_word' id='word_1_184' title='bbox 1130 2667 1262 2714; x_wconf 87' lang='lat' dir='ltr'>sacram</span> <span class='ocrx_word' id='word_1_185' title='bbox 1284 2647 1384 2714; x_wconf 90' lang='lat' dir='ltr'>matri</span> <span class='ocrx_word' id='word_1_186' title='bbox 1398 2667 1489 2718; x_wconf 88' lang='lat' dir='ltr'>suae</span> 
     </span>
     <span class='ocr_line' id='line_1_23' title="bbox 209 2755 1177 2840; baseline -0.001 -17"><span class='ocrx_word' id='word_1_187' title='bbox 209 2777 310 2824; x_wconf 89' lang='lat' dir='ltr'>auem</span> <span class='ocrx_word' id='word_1_188' title='bbox 333 2756 467 2840; x_wconf 85' lang='lat' dir='ltr'>sagittis</span> <span class='ocrx_word' id='word_1_189' title='bbox 489 2755 661 2840; x_wconf 82' lang='lat' dir='ltr'>figendam</span> <span class='ocrx_word' id='word_1_190' title='bbox 685 2755 917 2833; x_wconf 75' lang='lat' dir='ltr'>constituerit’</span> <span class='ocrx_word' id='word_1_191' title='bbox 942 2759 996 2837; x_wconf 85' lang='lat' dir='ltr'>(sc.</span> <span class='ocrx_word' id='word_1_192' title='bbox 1006 2755 1177 2839; x_wconf 83' lang='lat' dir='ltr'>Aeneas).&#39;</span> 
     </span>
    </p>

    <p class='ocr_par' dir='ltr' id='par_1_6' title="bbox 209 2861 1489 3056">
     <span class='ocr_line' id='line_1_24' title="bbox 316 2861 1489 2950; baseline -0.002 -20"><span class='ocrx_word' id='word_1_193' title='bbox 316 2861 356 2930; x_wconf 92' lang='lat' dir='ltr'>cf.</span> <span class='ocrx_word' id='word_1_194' title='bbox 373 2862 554 2929; x_wconf 84' lang='lat' dir='ltr'>Seruius</span> <span class='ocrx_word' id='word_1_195' title='bbox 579 2863 631 2931; x_wconf 92' lang='lat' dir='ltr'>ad</span> <span class='ocrx_word' id='word_1_196' title='bbox 652 2863 761 2936; x_wconf 83' lang='lat' dir='ltr'>ls‘.</span> <span class='ocrx_word' id='word_1_197' title='bbox 784 2861 1049 2950; x_wconf 89' lang='lat' dir='ltr'>..uituperatio</span> <span class='ocrx_word' id='word_1_198' title='bbox 1065 2861 1210 2947; x_wconf 85' lang='lat' dir='ltr'>Aeneae,</span> <span class='ocrx_word' id='word_1_199' title='bbox 1236 2861 1326 2948; x_wconf 92' lang='lat' dir='ltr'>quod</span> <span class='ocrx_word' id='word_1_200' title='bbox 1348 2883 1489 2948; x_wconf 85' lang='lat' dir='ltr'>suspen-</span> 
     </span>
     <span class='ocr_line' id='line_1_25' title="bbox 209 2931 888 3056; baseline 0 -19"><span class='ocrx_word' id='word_1_201' title='bbox 209 2969 306 3037; x_wconf 88' lang='lat' dir='ltr'>derat</span> <span class='ocrx_word' id='word_1_202' title='bbox 328 2991 428 3036; x_wconf 94' lang='lat' dir='ltr'>auem</span> <span class='ocrx_word' id='word_1_203' title='bbox 450 2973 657 3038; x_wconf 73' lang='lat' dir='ltr'>maternam.³</span> <span class='ocrx_word' id='word_1_204' title='bbox 693 2974 732 3056; x_wconf 75' lang='lat' dir='ltr'>lp.</span> <span class='ocrx_word' id='word_1_205' title='bbox 748 2931 807 3037; x_wconf 75' lang='grc'>42.</span> <span class='ocrx_word' id='word_1_206' title='bbox 822 2972 888 3053; x_wconf 89' lang='grc'><strong>43).</strong></span> 
     </span>
    </p>

    <p class='ocr_par' dir='ltr' id='par_1_7' title="bbox 207 3069 1491 3271">
     <span class='ocr_line' id='line_1_26' title="bbox 211 3069 1491 3158; baseline -0.002 -16"><span class='ocrx_word' id='word_1_207' title='bbox 211 3119 215 3158; x_wconf 87' lang='lat'><strong>:</strong></span> <span class='ocrx_word' id='word_1_208' title='bbox 317 3076 481 3144; x_wconf 87' lang='lat' dir='ltr'>Seruius</span> <span class='ocrx_word' id='word_1_209' title='bbox 505 3075 794 3144; x_wconf 85' lang='lat' dir='ltr'>adAen.IX81.</span> <span class='ocrx_word' id='word_1_210' title='bbox 818 3073 1254 3142; x_wconf 77' lang='lat' dir='ltr'>‘IPSADEVMFERTVR</span> <span class='ocrx_word' id='word_1_211' title='bbox 1270 3069 1491 3141; x_wconf 75' lang='lat' dir='ltr'>GENETRIX</span> 
     </span>
     <span class='ocr_line' id='line_1_27' title="bbox 207 3181 1489 3271; baseline -0.002 -22"><span class='ocrx_word' id='word_1_212' title='bbox 207 3185 409 3268; x_wconf 81' lang='lat' dir='ltr'>figmentum</span> <span class='ocrx_word' id='word_1_213' title='bbox 441 3182 505 3250; x_wconf 88' lang='lat' dir='ltr'>hoc</span> <span class='ocrx_word' id='word_1_214' title='bbox 538 3182 617 3250; x_wconf 91' lang='lat' dir='ltr'>licet</span> <span class='ocrx_word' id='word_1_215' title='bbox 639 3184 805 3271; x_wconf 87' lang='lat' dir='ltr'>poeticum</span> <span class='ocrx_word' id='word_1_216' title='bbox 841 3183 894 3268; x_wconf 89' lang='lat' dir='ltr'>sit,</span> <span class='ocrx_word' id='word_1_217' title='bbox 927 3185 1053 3266; x_wconf 89' lang='lat' dir='ltr'>tamen,</span> <span class='ocrx_word' id='word_1_218' title='bbox 1089 3182 1168 3268; x_wconf 91' lang='lat' dir='ltr'>quia</span> <span class='ocrx_word' id='word_1_219' title='bbox 1201 3181 1353 3268; x_wconf 85' lang='lat' dir='ltr'>exemplo</span> <span class='ocrx_word' id='word_1_220' title='bbox 1388 3184 1489 3264; x_wconf 64' lang='lat' dir='ltr'>caret</span> 
     </span>
    </p>
   </div>
   <div class='ocr_carea' id='block_1_4' title="bbox 210 3291 1501 3465">
    <p class='ocr_par' dir='ltr' id='par_1_8' title="bbox 210 3291 1501 3465">
     <span class='ocr_line' id='line_1_28' title="bbox 210 3291 715 3377; baseline 0.004 -21"><span class='ocrx_word' id='word_1_221' title='bbox 210 3293 348 3357; x_wconf 85' lang='lat' dir='ltr'>notatur</span> <span class='ocrx_word' id='word_1_222' title='bbox 370 3311 392 3356; x_wconf 91' lang='lat' dir='ltr'>a</span> <span class='ocrx_word' id='word_1_223' title='bbox 414 3291 554 3358; x_wconf 74' lang='lat' dir='ltr'>criticis?</span> <span class='ocrx_word' id='word_1_224' title='bbox 579 3294 625 3377; x_wconf 77' lang='lat' dir='ltr'>tp.</span> <span class='ocrx_word' id='word_1_225' title='bbox 647 3292 715 3374; x_wconf 86' lang='grc'><strong>44).</strong></span> 
     </span>
     <span class='ocr_line' id='line_1_29' title="bbox 317 3390 1501 3465; baseline -0.003 -1"><span class='ocrx_word' id='word_1_226' title='bbox 317 3396 499 3464; x_wconf 83' lang='lat' dir='ltr'>Seruius</span> <span class='ocrx_word' id='word_1_227' title='bbox 523 3400 683 3465; x_wconf 87' lang='lat' dir='ltr'>auctus</span> <span class='ocrx_word' id='word_1_228' title='bbox 707 3396 757 3463; x_wconf 92' lang='lat' dir='ltr'>ad</span> <span class='ocrx_word' id='word_1_229' title='bbox 780 3399 878 3463; x_wconf 88' lang='lat' dir='ltr'>Aen.</span> <span class='ocrx_word' id='word_1_230' title='bbox 900 3395 948 3461; x_wconf 89' lang='lat' dir='ltr'>IX</span> <span class='ocrx_word' id='word_1_231' title='bbox 970 3394 1044 3463; x_wconf 88' lang='grc'><strong>346.</strong></span> <span class='ocrx_word' id='word_1_232' title='bbox 1079 3393 1145 3461; x_wconf 77' lang='grc' dir='ltr'>ἘΤ</span> <span class='ocrx_word' id='word_1_233' title='bbox 1168 3393 1320 3463; x_wconf 81' lang='lat' dir='ltr'><strong>MVLTA</strong></span> <span class='ocrx_word' id='word_1_234' title='bbox 1342 3390 1501 3463; x_wconf 71' lang='lat' dir='ltr'>Munda</span> 
     </span>
    </p>
   </div>
   <div class='ocr_carea' id='block_1_5' title="bbox 209 3501 1491 4553">
    <p class='ocr_par' dir='ltr' id='par_1_9' title="bbox 210 3501 1491 3911">
     <span class='ocr_line' id='line_1_30' title="bbox 211 3501 1490 3604; baseline -0.002 -34"><span class='ocrx_word' id='word_1_235' title='bbox 211 3502 392 3604; x_wconf 68' lang='lat' dir='ltr'>RECEPIT</span> <span class='ocrx_word' id='word_1_236' title='bbox 422 3501 696 3571; x_wconf 79' lang='lat' dir='ltr'>PVRPvuaVM</span> <span class='ocrx_word' id='word_1_237' title='bbox 733 3502 918 3570; x_wconf 90' lang='lat' dir='ltr'>secundum</span> <span class='ocrx_word' id='word_1_238' title='bbox 947 3501 1130 3576; x_wconf 87' lang='lat' dir='ltr'>Homerum</span> <span class='ocrx_word' id='word_1_239' title='bbox 1159 3527 1203 3554; x_wconf 63' lang='grc' dir='ltr'>κ·</span> <span class='ocrx_word' id='word_1_240' title='bbox 1228 3506 1353 3590; x_wconf 61' lang='lat' dir='ltr'>(praeco</span> <span class='ocrx_word' id='word_1_241' title='bbox 1381 3501 1490 3585; x_wconf 68' lang='lat' dir='ltr'>ueto,</span> 
     </span>
     <span class='ocr_line' id='line_1_31' title="bbox 210 3606 1491 3702; baseline -0.006 -21"><span class='ocrx_word' id='word_1_242' title='bbox 210 3611 411 3680; x_wconf 64' lang='lat' dir='ltr'>neumam</span> <span class='ocrx_word' id='word_1_243' title='bbox 432 3619 593 3698; x_wconf 77' lang='lat' dir='ltr'>corrupto,</span> <span class='ocrx_word' id='word_1_244' title='bbox 616 3634 683 3679; x_wconf 82' lang='lat' dir='ltr'>nou</span> <span class='ocrx_word' id='word_1_245' title='bbox 702 3612 873 3697; x_wconf 73' lang='lat' dir='ltr'>adempsit</span> <span class='ocrx_word' id='word_1_246' title='bbox 891 3611 996 3693; x_wconf 73' lang='lat' dir='ltr'>Theo)</span> <span class='ocrx_word' id='word_1_247' title='bbox 1013 3608 1235 3702; x_wconf 76' lang='lat' dir='ltr'>Cornutus</span> <span class='ocrx_word' id='word_1_248' title='bbox 1251 3610 1393 3675; x_wconf 59' lang='lat' dir='ltr'>“nocte&#39;‘</span> <span class='ocrx_word' id='word_1_249' title='bbox 1408 3606 1491 3691; x_wconf 91' lang='lat' dir='ltr'>legit</span> 
     </span>
     <span class='ocr_line' id='line_1_32' title="bbox 212 3714 1490 3805; baseline -0.003 -21"><span class='ocrx_word' id='word_1_250' title='bbox 212 3720 249 3784; x_wconf 88' lang='lat' dir='ltr'>et</span> <span class='ocrx_word' id='word_1_251' title='bbox 271 3718 464 3788; x_wconf 87' lang='lat' dir='ltr'>adnotauit:</span> <span class='ocrx_word' id='word_1_252' title='bbox 499 3720 656 3785; x_wconf 83' lang='lat' dir='ltr'>“utrum’&#39;</span> <span class='ocrx_word' id='word_1_253' title='bbox 684 3720 822 3786; x_wconf 81' lang='lat' dir='ltr'>‹nocte›</span> <span class='ocrx_word' id='word_1_254' title='bbox 847 3737 905 3805; x_wconf 90' lang='lat' dir='ltr'>pro</span> <span class='ocrx_word' id='word_1_255' title='bbox 932 3718 1091 3802; x_wconf 70' lang='lat' dir='ltr'>«morte»,</span> <span class='ocrx_word' id='word_1_256' title='bbox 1123 3737 1168 3783; x_wconf 91' lang='lat' dir='ltr'>an</span> <span class='ocrx_word' id='word_1_257' title='bbox 1192 3736 1268 3782; x_wconf 93' lang='lat' dir='ltr'>cum</span> <span class='ocrx_word' id='word_1_258' title='bbox 1290 3714 1399 3782; x_wconf 87' lang='lat' dir='ltr'>multa</span> <span class='ocrx_word' id='word_1_259' title='bbox 1421 3735 1490 3781; x_wconf 86' lang='lat' dir='ltr'>nox</span> 
     </span>
     <span class='ocr_line' id='line_1_33' title="bbox 210 3824 604 3911; baseline 0.008 -21"><span class='ocrx_word' id='word_1_260' title='bbox 210 3824 369 3911; x_wconf 61' lang='lat' dir='ltr'>essetf&#39;’</span> <span class='ocrx_word' id='word_1_261' title='bbox 394 3827 439 3911; x_wconf 85' lang='lat' dir='ltr'>(p.</span> <span class='ocrx_word' id='word_1_262' title='bbox 462 3827 516 3892; x_wconf 85' lang='lat'>35.</span> <span class='ocrx_word' id='word_1_263' title='bbox 539 3827 604 3909; x_wconf 89' lang='grc'><strong>43).</strong></span> 
     </span>
    </p>

    <p class='ocr_par' dir='ltr' id='par_1_10' title="bbox 209 3917 1491 4445">
     <span class='ocr_line' id='line_1_34' title="bbox 213 3917 1488 4022; baseline -0.001 -24"><span class='ocrx_word' id='word_1_264' title='bbox 213 3931 215 3938; x_wconf 68' lang='grc'><strong>“</strong></span> <span class='ocrx_word' id='word_1_265' title='bbox 275 3923 277 3928; x_wconf 71' lang='grc'><strong>’</strong></span> <span class='ocrx_word' id='word_1_266' title='bbox 317 3931 499 3998; x_wconf 84' lang='lat' dir='ltr'>Seruius</span> <span class='ocrx_word' id='word_1_267' title='bbox 515 3929 564 3997; x_wconf 92' lang='lat' dir='ltr'>ad</span> <span class='ocrx_word' id='word_1_268' title='bbox 578 3936 675 3999; x_wconf 89' lang='lat' dir='ltr'>Aen.</span> <span class='ocrx_word' id='word_1_269' title='bbox 691 3931 737 3998; x_wconf 92' lang='lat' dir='ltr'>IX</span> <span class='ocrx_word' id='word_1_270' title='bbox 753 3932 827 4001; x_wconf 81' lang='lat'><strong>672.</strong></span> <span class='ocrx_word' id='word_1_271' title='bbox 855 3931 1001 3999; x_wconf 83' lang='lat' dir='ltr'>‘DVOIS</span> <span class='ocrx_word' id='word_1_272' title='bbox 1024 3928 1220 3998; x_wconf 82' lang='lat' dir='ltr'>IMPERIO</span> <span class='ocrx_word' id='word_1_273' title='bbox 1244 3917 1488 4022; x_wconf 71' lang='lat' dir='ltr'>Gonoussa</span> 
     </span>
     <span class='ocr_line' id='line_1_35' title="bbox 210 4027 1490 4130; baseline -0.004 -26"><span class='ocrx_word' id='word_1_274' title='bbox 210 4027 430 4130; x_wconf 61' lang='lat' dir='ltr'>Cornutus</span> <span class='ocrx_word' id='word_1_275' title='bbox 467 4059 547 4106; x_wconf 89' lang='lat' dir='ltr'>uere</span> <span class='ocrx_word' id='word_1_276' title='bbox 582 4040 617 4104; x_wconf 86' lang='lat' dir='ltr'>et</span> <span class='ocrx_word' id='word_1_277' title='bbox 646 4039 765 4122; x_wconf 86' lang='lat' dir='ltr'>melius</span> <span class='ocrx_word' id='word_1_278' title='bbox 796 4039 917 4123; x_wconf 88' lang='lat' dir='ltr'>sensit,</span> <span class='ocrx_word' id='word_1_279' title='bbox 957 4038 1085 4122; x_wconf 90' lang='lat' dir='ltr'>dicens,</span> <span class='ocrx_word' id='word_1_280' title='bbox 1116 4037 1248 4124; x_wconf 90' lang='lat' dir='ltr'>portam</span> <span class='ocrx_word' id='word_1_281' title='bbox 1278 4055 1365 4121; x_wconf 84' lang='lat' dir='ltr'>quae</span> <span class='ocrx_word' id='word_1_282' title='bbox 1397 4027 1490 4122; x_wconf 82' lang='lat' dir='ltr'>ducis</span> 
     </span>
     <span class='ocr_line' id='line_1_36' title="bbox 210 4142 1490 4259; baseline -0.002 -49"><span class='ocrx_word' id='word_1_283' title='bbox 210 4143 345 4259; x_wconf 82' lang='lat' dir='ltr'>imperio</span> <span class='ocrx_word' id='word_1_284' title='bbox 362 4143 540 4212; x_wconf 83' lang='lat' dir='ltr'>commissa</span> <span class='ocrx_word' id='word_1_285' title='bbox 549 4143 672 4232; x_wconf 86' lang='lat' dir='ltr'>fuerat,</span> <span class='ocrx_word' id='word_1_286' title='bbox 686 4147 750 4212; x_wconf 90' lang='lat' dir='ltr'>hcc</span> <span class='ocrx_word' id='word_1_287' title='bbox 761 4149 814 4213; x_wconf 89' lang='lat' dir='ltr'>est</span> <span class='ocrx_word' id='word_1_288' title='bbox 829 4146 955 4231; x_wconf 90' lang='lat' dir='ltr'>clausa,</span> <span class='ocrx_word' id='word_1_289' title='bbox 969 4165 1045 4212; x_wconf 89' lang='lat' dir='ltr'>eam</span> <span class='ocrx_word' id='word_1_290' title='bbox 1056 4144 1279 4231; x_wconf 81' lang='lat' dir='ltr'>aperuerrmt&#39;.</span> <span class='ocrx_word' id='word_1_291' title='bbox 1303 4146 1346 4229; x_wconf 79' lang='lat' dir='ltr'>(p.</span> <span class='ocrx_word' id='word_1_292' title='bbox 1358 4143 1412 4237; x_wconf 78' lang='grc'>32.</span> <span class='ocrx_word' id='word_1_293' title='bbox 1424 4142 1490 4224; x_wconf 79' lang='grc'><strong>45.)</strong></span> 
     </span>
     <span class='ocr_line' id='line_1_37' title="bbox 214 4246 1491 4338; baseline -0.005 -18"><span class='ocrx_word' id='word_1_294' title='bbox 214 4247 216 4256; x_wconf 81' lang='lat'>&#39;</span> <span class='ocrx_word' id='word_1_295' title='bbox 293 4250 489 4320; x_wconf 87' lang='lat' dir='ltr'>Gellius</span> <span class='ocrx_word' id='word_1_296' title='bbox 521 4251 604 4338; x_wconf 88' lang='grc' dir='ltr'>Π6,</span> <span class='ocrx_word' id='word_1_297' title='bbox 627 4250 651 4318; x_wconf 89' lang='grc'><strong>4</strong></span> <span class='ocrx_word' id='word_1_298' title='bbox 683 4249 804 4336; x_wconf 79' lang='grc' dir='ltr'>(-ἰιι1</span> <span class='ocrx_word' id='word_1_299' title='bbox 826 4251 1071 4334; x_wconf 81' lang='lat' dir='ltr'>AenX314)</span> <span class='ocrx_word' id='word_1_300' title='bbox 1117 4249 1213 4316; x_wconf 88' lang='lat' dir='ltr'>‘Item</span> <span class='ocrx_word' id='word_1_301' title='bbox 1236 4247 1328 4316; x_wconf 87' lang='lat' dir='ltr'>aliud</span> <span class='ocrx_word' id='word_1_302' title='bbox 1349 4246 1491 4315; x_wconf 90' lang='lat' dir='ltr'>uerbum</span> 
     </span>
     <span class='ocr_line' id='line_1_38' title="bbox 209 4357 445 4445; baseline 0.009 -21"><span class='ocrx_word' id='word_1_303' title='bbox 209 4357 445 4445; x_wconf 88' lang='lat' dir='ltr'>culpauenmt:</span> 
     </span>
    </p>

    <p class='ocr_par' dir='ltr' id='par_1_11' title="bbox 317 4427 1491 4553">
     <span class='ocr_line' id='line_1_39' title="bbox 317 4427 1491 4553; baseline -0.004 -21.902"><span class='ocrx_word' id='word_1_304' title='bbox 317 4465 408 4532; x_wconf 80' lang='lat' dir='ltr'>“Per</span> <span class='ocrx_word' id='word_1_305' title='bbox 445 4465 597 4533; x_wconf 87' lang='lat' dir='ltr'>tunicam</span> <span class='ocrx_word' id='word_1_306' title='bbox 637 4466 849 4553; x_wconf 87' lang='lat' dir='ltr'>squalentem</span> <span class='ocrx_word' id='word_1_307' title='bbox 892 4485 974 4532; x_wconf 87' lang='lat' dir='ltr'>auro</span> <span class='ocrx_word' id='word_1_308' title='bbox 1010 4463 1103 4532; x_wconf 92' lang='lat' dir='ltr'>latus</span> <span class='ocrx_word' id='word_1_309' title='bbox 1141 4462 1255 4530; x_wconf 89' lang='lat' dir='ltr'>haurit</span> <span class='ocrx_word' id='word_1_310' title='bbox 1296 4427 1491 4549; x_wconf 79' lang='lat' dir='ltr'>apertum”,</span> 
     </span>
    </p>
   </div>
   <div class='ocr_carea' id='block_1_6' title="bbox 319 4625 1175 4767">
    <p class='ocr_par' dir='ltr' id='par_1_12' title="bbox 319 4625 1175 4767">
     <span class='ocr_line' id='line_1_40' title="bbox 319 4625 1175 4767; baseline 0 -15"><span class='ocrx_word' id='word_1_311' title='bbox 319 4696 337 4767; x_wconf 78' lang='grc'>1)</span> <span class='ocrx_word' id='word_1_312' title='bbox 357 4695 394 4753; x_wconf 90' lang='lat' dir='ltr'>cf.</span> <span class='ocrx_word' id='word_1_313' title='bbox 413 4697 578 4764; x_wconf 84' lang='lat' dir='ltr'>Buecheler,</span> <span class='ocrx_word' id='word_1_314' title='bbox 596 4697 699 4753; x_wconf 78' lang='lat' dir='ltr'>Annal.</span> <span class='ocrx_word' id='word_1_315' title='bbox 718 4697 853 4754; x_wconf 77' lang='lat' dir='ltr'>Fleckeis.</span> <span class='ocrx_word' id='word_1_316' title='bbox 871 4625 958 4752; x_wconf 83' lang='lat' dir='ltr'>XCIII</span> <span class='ocrx_word' id='word_1_317' title='bbox 977 4695 1067 4767; x_wconf 84' lang='grc'><strong>(1866)</strong></span> <span class='ocrx_word' id='word_1_318' title='bbox 1085 4712 1112 4767; x_wconf 86' lang='lat' dir='ltr'>p.</span> <span class='ocrx_word' id='word_1_319' title='bbox 1131 4694 1175 4752; x_wconf 74' lang='lat'>⁷0.</span> 
     </span>
    </p>
   </div>
   <div class='ocr_carea' id='block_1_7' title="bbox 0 0 1737 5100">
    <p class='ocr_par' dir='ltr' id='par_1_13' title="bbox 0 0 1737 5100">
     <span class='ocr_line' id='line_1_41' title="bbox 0 0 1737 5100; baseline 0 0"><span class='ocrx_word' id='word_1_320' title='bbox 0 0 1737 5100; x_wconf 95' lang='lat' dir='ltr'> </span> 
     </span>
    </p>
   </div>
  </div>
 </body>
</html>
