3458 5100
265 1172 309 1286 ΙΙ.
352 1168 431 1286 DE
469 1167 736 1288 coelom
778 1167 1154 1286 [ΙΠΕΒΑΒνΜ
1193 1167 1429 1288 STVDllS

559 1363 762 1491 drove
800 1362 1118 1484 OPERlBVS.

306 1650 356 1718 Ao
379 1648 420 1717 de
443 1651 517 1716 uita
540 1649 678 1716 Comuti
699 1649 879 1736 hactenus,
910 1649 1052 1738 exposui
1077 1649 1157 1736 fere,
1188 1652 1230 1716 ut
1258 1650 1363 1737 potui,
1395 1670 1483 1737 quae

200 1757 346 1823 maxime
369 1757 413 1824 ad
440 1756 534 1823 uitae
564 1757 720 1826 notitiam
748 1757 914 1846 pertinere
944 1756 1139 1826 arbitrabar.
1185 1755 1371 1824 Videamus
1394 1777 1484 1823 nunc

201 1863 246 1930 de
269 1862 498 1930 litterarum
521 1862 669 1930 studiis
696 1866 800 1951 atque
824 1862 1025 1952 operibus,
1057 1884 1198 1951 quorum
1228 1863 1364 1950 quidem
1392 1864 1483 1949 trag·

199 1973 316 2036 menta
345 1969 389 2037 ad
421 1972 572 2036 nostram
602 1972 752 2037 aetatem
780 1970 1003 2058 peruenerint.
1055 1969 1256 2058 Priusquam
1290 1972 1405 2038 autem
1439 1970 1484 2038 ad

151 2113 153 2117 ·
200 2076 333 2161 singola
354 2075 528 2144 doctrinae
550 2076 671 2144 rudera
692 2077 915 2165 perquirenda
938 2080 974 2144 et
993 2076 1192 2164 explicanda
1206 2098 1260 2144 me
1277 2079 1482 2164 maneriam,

197 2184 235 2249 in
264 2184 460 2251 uniuersum
491 2183 658 2271 quaedam
687 2185 839 2252 monebo.
885 2184 957 2250 Iam
987 2204 1090 2271 supra
1120 2183 1304 2251 Oomutum
1335 2183 1482 2251 Stoicam

199 2290 444 2378 philosophiam
467 2289 609 2358 coluisse
632 2289 788 2375 uidimus,
816 2311 959 2377 eamque
974 2289 1145 2358 doctrinae
1168 2292 1300 2378 partem
1321 2289 1483 2378 imprimis

198 2400 356 2486 spactant
377 2396 564 2483 scriptores,
596 2398 654 2485 qui
676 2396 826 2465 Stoicum
856 2397 914 2464 uel
942 2396 1178 2484 philosophum
1208 2394 1351 2463 laudant
1379 2395 1482 2463 illum.

198 2503 265 2571 Sed
288 2504 323 2571 in
343 2504 446 2571 uariis
463 2503 643 2591 disciplinis
658 2504 764 2571 Persii
778 2503 976 2588 magistrum
991 2505 1164 2570 uersatum
1180 2524 1255 2571 asse
1271 2503 1483 2591 exploratum

198 2611 371 2678 habemus.
417 2611 560 2698 Operam
584 2611 676 2679 dedit
697 2613 830 2699 praeter
858 2610 1089 2699 philosophiae
1113 2610 1272 2695 studium,
1305 2632 1371 2698 qno
1401 2631 1481 2698 prae

196 2721 317 2785 ceteris
347 2716 588 2803 delectabatur,
620 2719 724 2786 etiam
754 2719 992 2803 grammaticae
1022 2719 1058 2786 et
1086 2717 1271 2786 rhetoricae
1303 2717 1376 2786 arti.
1422 2716 1483 2784 cui

197 2825 245 2892 rei
278 2824 470 2892 testimonio
505 2829 586 2893 sunt
620 2846 696 2893 cum
728 2846 865 2914 operum
894 2824 1087 2910 fragmenta
1116 2828 1190 2892 tum
1221 2823 1347 2891 Suidae
1376 2825 1483 2892 uerba

196 2953 222 2998 s.
245 2955 279 2999 u.
302 2933 488 3017 Κορνοῦτος
517 2932 560 3018 (p.
581 2933 624 3020 4),
661 2932 719 3020 qui
752 2931 861 2999 multa
894 2931 1124 3021 philosophiae
1158 2933 1261 3019 atque
1295 2931 1481 2999 rhetoricae

198 3039 400 3106 documenta
415 3059 437 3105 a
453 3037 598 3107 Cornuto
613 3038 730 3107 relicta
745 3060 820 3106 esse
834 3038 947 3122 tradit,
970 3038 1078 3106 titulis
1102 3037 1308 3123 singulorum
1322 3037 1481 3105 librorum

196 3145 338 3212 omissis.
390 3143 506 3232 Neque
540 3145 653 3211 minus
686 3146 753 3212 huc
790 3146 936 3233 pertinet
970 3143 1067 3213 Gellii
1100 3144 1332 3213 testimonium
1362 3144 1391 3210 II
1418 3143 1477 3230 6,1

194 3251 316 3340 (pac),
341 3253 398 3339 qui
419 3253 509 3319 inter
523 3252 759 3336 grammaticos
782 3252 879 3319 ‘haut
901 3272 984 3318 sane
1007 3250 1160 3319 indoctos
1182 3271 1291 3338 neque
1306 3251 1479 3338 ignobiles’

195 3357 315 3425 laudat
330 3358 521 3426 Cornutum.
567 3358 711 3427 Ratione
733 3359 836 3444 igitur
858 3357 950 3426 haud
972 3358 1183 3427 incommoda
1211 3359 1248 3425 in
1271 3357 1356 3426 duas
1379 3379 1479 3448 prae-

196 3465 293 3552 cipue
315 3469 429 3553 partes
453 3465 634 3534 discurrere
658 3487 745 3554 quae
760 3468 968 3533 tractaturus
984 3485 1060 3532 sum
1074 3464 1267 3550 fragmenta
1282 3465 1479 3548 constituas,

195 3593 339 3660 quarum
362 3573 458 3640 alteri
481 3572 525 3639 ad
547 3572 793 3660 philosophiam
815 3573 996 3660 pertinenti
1018 3575 1151 3660 praeter
1165 3593 1214 3656 aa,
1238 3593 1326 3660 quae
1348 3571 1480 3659 scripsit

194 3677 363 3746 Cornutus
387 3682 504 3746 contra-
525 3679 716 3748 Aristotelis
744 3680 940 3764 categoriae,
972 3679 1075 3747 etiam
1105 3678 1237 3746 libellus
1268 3677 1309 3745 de
1340 3676 1479 3744 deorum

195 3788 320 3852 natum
343 3787 558 3874 conscriptus
590 3787 648 3875 qui
678 3789 828 3854 aetatem
857 3785 945 3873 tulit,
977 3786 1232 3871 subiungendus
1254 3787 1315 3852 est.
1360 3783 1478 3872 Neque

194 3913 275 3959 uero
298 3893 348 3959 ita
371 3895 453 3959 sunt
473 3893 580 3960 firmis
604 3897 706 3981 atque
730 3895 829 3961 certis
850 3893 979 3960 finibus
1003 3892 1190 3961 disiunctae
1210 3892 1274 3959 hae
1290 3894 1415 3978 partes,
1438 3895 1478 3959 ut

195 3998 309 4066 uarias
331 4002 366 4067 et
389 3999 540 4067 diuersas
563 4000 656 4068 etin
679 4020 812 4068 omnem
834 4003 966 4087 partem
993 3999 1133 4067 diffusas
1164 3996 1410 4086 disputationes
1433 3998 1477 4064 ad

193 4127 301 4172 unum
331 4106 517 4173 alterumue
548 4127 655 4192 genus
685 4105 776 4175 facili
808 4107 943 4191 negotio
971 4105 1106 4174 referas.
1152 4103 1356 4173 Reclamitat
1378 4105 1477 4173 istius

194 4212 285 4279 modi
307 4211 464 4280 diuisioni
486 4213 560 4300 ipsa
582 4216 706 4281 natura
727 4213 1001 4299 fragmentorum,
1026 4234 1102 4280 cum
1125 4234 1167 4281 ea
1191 4233 1278 4299 quae
1302 4210 1347 4278 nd
1369 4211 1476 4300 philo-

193 4318 334 4406 sophiae
357 4318 566 4406 disciplinam
588 4319 717 4408 proprie
733 4323 898 4410 spectent,
922 4341 1024 4409 prope
1039 4319 1203 4386 accedant
1217 4318 1262 4386 ad
1276 4318 1477 4386 rhetoricam

192 4426 365 4492 rationem.
401 4425 455 4493 Sic
478 4428 602 4510 exeis,
626 4448 714 4515 quae
730 4427 864 4514 scripsit
885 4428 927 4494 de
942 4425 1134 4494 Aristotelis
1157 4426 1343 4512 categoriis,
1368 4425 1476 4509 magis

193 4531 361 4600 rhetorem
388 4554 491 4621 quam
513 4531 748 4622 philosophum
780 4533 935 4620 cognosci
964 4533 1036 4601 iure
1067 4531 1189 4621 aliquis
1217 4531 1476 4600 confirmauerit.

191 4637 331 4708 Praeter
353 4659 571 4708 sermonem
594 4646 710 4708 autem
732 4641 880 4728 patrium
903 4639 1062 4708 Latinam
1084 4642 1120 4707 et
1143 4638 1306 4708 Graecam
1328 4637 1476 4720 linguam
