3458 5100
738 304 956 372 „69-

202 505 311 572 ‚quam
333 483 384 551 ita
407 482 571 570 explicare
587 482 731 550 fortasse
753 481 876 568 licebit,
900 485 940 549 ut
956 482 996 550 de
1019 481 1127 549 Verrii
1149 482 1300 550 doctrina
1326 484 1490 569 tanquam

207 591 376 660 communi
398 590 572 676 utriusque
595 587 690 656 fonte
713 589 907 673 cogitemus.
951 588 1023 656 Nec
1043 591 1211 676 repugnat
1232 607 1309 656 cum
1331 589 1395 656 beo
1410 611 1488 657 sen-

209 697 317 766 tentia
338 695 373 764 id
397 695 485 783 quod
508 696 631 764 statuit
646 695 851 764 Maokensen
865 717 896 783 p.
912 695 956 762 49
973 696 1015 763 de
1030 695 1190 764 Varronis
1206 695 1365 780 doctrina,
1387 717 1489 783 quam

209 827 269 893 per
298 802 454 871 Flaccum
483 803 620 870 nouisse
649 806 686 870 ot
708 801 842 870 Volium
864 801 1018 888 Longum
1050 806 1086 870 et
1108 802 1302 870 Terentium
1326 802 1489 870 Secum

206 911 425 979 demonstrat.
469 908 601 978 Nomen
632 930 711 976 uero
743 909 848 997 ipsius
871 909 981 977 Flacci
1011 913 1064 978 ter
1094 907 1271 997 adscripsit
1298 909 1434 994 Longus
1456 932 1487 998 p.

210 1021 264 1103 49,
272 1018 304 1084 6.
327 1017 420 1102 51,1.
443 1017 558 1102 80,18.
602 1017 775 1084 Postremo
795 1015 1045 1084 similitudinem
1069 1015 1248 1103 quandam,
1273 1035 1360 1104 quae
1383 1016 1490 1084 Verrii

205 1124 408 1194 auctoritate
430 1122 602 1192 commode
626 1122 821 1210 explicatur,
849 1144 1042 1211 proponam.
1087 1124 1137 1190 De
1164 1125 1273 1193 aiacis
1303 1124 1391 1194 enim
1421 1125 1488 1191 tra

201 1231 330 1299 duntur
354 1231 438 1298 haec
487 1225 489 1232 ’

203 1338 299 1426 apud
320 1336 503 1406 Cassiodor.
525 1359 556 1425 p.
579 1337 722 1421 150,13;
875 1337 965 1424 apud
988 1336 1128 1404 Festum
1150 1357 1193 1404 ex
1216 1357 1326 1424 apogr.
1341 1336 1362 1403 l.
1378 1335 1441 1402 XX
1455 1359 1487 1425 p.

239 1449 376 1514 ‘Vincas
383 1465 468 1532 pere
480 1444 616 1531 quidam
626 1443 818 1512 scribendas
873 1443 949 1529 376,
960 1443 1003 1510 12
1014 1443 1056 1510 Μ.
1068 1474 1113 1500 =
1124 1464 1154 1530 p.
1168 1442 1486 1527 574‚12dePonor:

201 1551 423 1636 tradidemnt,
448 1550 476 1617 si
498 1551 564 1618 hae
587 1550 818 1636 significaren-
917 1553 1064 1633 ‘Vineae
1082 1553 1122 1617 ut
1136 1549 1300 1617 Verrius
1316 1550 1486 1638 praecipit,

202 1662 270 1742 tur,
294 1679 378 1745 quas
404 1658 440 1724 in
468 1659 555 1743 agris
583 1658 751 1741 uidemus3
781 1660 819 1724 at
873 1656 961 1744 quod
993 1659 1072 1724 uino
1098 1658 1226 1725 feraces
1255 1659 1340 1740 laici
1368 1659 1488 1743 feroces

208 1767 328 1834 contra
357 1785 417 1852 per
446 1765 467 1847 i,
490 1768 616 1848 alatos,
647 1764 723 1831 illas
754 1765 818 1832 sub
873 1763 923 1831 ed.
954 1763 1218 1848 Thewrewldus)
1245 1765 1331 1832 sint:
1365 1763 1487 1832 etiam

206 1872 328 1959 quibus
351 1871 456 1939 latere
478 1871 574 1940 miles
602 1871 697 1958 solet,
730 1871 818 1958 quod
874 1871 1071 1938 militares
1106 1871 1301 1958 quaedam
1335 1871 1486 1938 machi-

206 1978 384 2046 discrimen
395 1979 632 2045 stultissimum
644 1981 704 2046 ast
727 1998 817 2046 nam
874 1978 1060 2045 nationes
1084 1999 1105 2044 a
1130 1976 1394 2046 similitudine
1418 1999 1487 2066 ap-

203 2106 345 2172 neque
380 2083 541 2152 aliunde
572 2085 715 2153 uineae
746 2107 815 2152 ca·
870 2084 1095 2172 pellantur?

202 2195 384 2259 stronses
400 2191 543 2259 dictae
560 2196 675 2278 sunt,
694 2214 816 2279 quam

202 2299 306 2386 quod
329 2299 459 2366 uineis
482 2297 563 2365 illis
587 2299 816 2383 agrestibus

203 2405 355 2472 similes
378 2409 494 2473 sunt.³

309 2513 402 2580 Haec
425 2512 466 2580 de
488 2512 633 2580 Oomuti‘
650 2512 853 2594 auctoribus,
880 2532 1020 2598 quorum
1044 2509 1177 2598 quidem
1200 2511 1346 2596 uestigia
1373 2511 1487 2599 aliqua

203 2641 282 2688 cum
303 2619 371 2687 iide
395 2620 550 2704 cognosci
572 2619 711 2708 possint
741 2620 839 2686 Nunc
861 2618 921 2684 ubi
942 2619 1098 2686 Annaei
1112 2619 1218 2706 ipsius
1240 2616 1370 2685 libelli
1393 2639 1485 2686 ues-

201 2727 305 2812 tigia
324 2728 547 2794 remanserint
561 2725 665 2815 apud
688 2727 789 2794 alios
813 2726 1030 2813 scriptores
1045 2726 1161 2813 paucis
1177 2725 1388 2810 subiungom.
1412 2726 1487 2808 Qua

206 2835 242 2901 in
264 2855 299 2900 re
323 2833 434 2900 breuis
457 2855 531 2902 esse
553 2855 702 2922 possum,
727 2833 886 2920 quoniam
908 2832 948 2900 Η.
972 2832 1048 2900 Keil
1069 2833 1105 2898 in
1127 2831 1260 2900 illorum
1288 2832 1484 2920 scriptorum

205 2941 298 3008 libris
321 2944 423 3027 atque
445 2939 599 3008 frustulis
623 2939 760 3009 edendis
784 2943 819 3007 et
841 2939 1044 3007 Mackensen
1067 2939 1343 3007 adnotationibus
1359 2941 1485 3027 passim

203 3047 382 3135 propositis
404 3068 474 3114 rem
497 3046 567 3114 iere
589 3069 724 3135 prorsus
747 3045 975 3113 absoluerrmt.
998 3047 1114 3133 Neque
1129 3067 1210 3113 uero
1226 3066 1357 3133 semper
1371 3049 1485 3112 utrum

201 3175 386 3222 consensus
409 3153 611 3242 repetendus
634 3153 679 3220 sit
701 3176 724 3220 a
747 3155 915 3221 communi
938 3152 1083 3240 quodam
1104 3154 1198 3220 fonto
1221 3173 1267 3219 an
1288 3153 1339 3219 ita
1361 3154 1485 3220 rectius

204 3260 395 3347 explicatur,
418 3263 459 3327 ut
481 3260 664 3328 Gomutum
688 3261 902 3346 exscripsisse
925 3259 1000 3326 illos
1024 3261 1199 3347 scriptores
1216 3260 1376 3344 dicamus
1393 3265 1483 3327 corto

198 3366 379 3435 diiudicare
403 3369 520 3456 ausim.

308 3475 357 3540 Ao
379 3475 522 3561 primum
545 3473 679 3561 quidem
703 3474 840 3542 Gomuti
862 3473 1013 3557 uestigiis
1035 3473 1162 3540 insistit
1185 3473 1218 3539 L.
1235 3473 1484 3541 Caesellius

202 3579 373 3647 Vindex
388 3579 428 3648 de
445 3581 748 3668 praepositionibus
772 3601 848 3647 cum
870 3579 1045 3647 uocabulis
1069 3579 1305 3668 componendis
1320 3603 1351 3669 p.
1364 3581 1440 3664 207,
1452 3581 1483 3663 7,

203 3687 263 3754 ubi
285 3686 329 3754 ad
359 3687 497 3754 uerbum
530 3686 600 3754 iere
622 3689 781 3772 leguntur
804 3708 890 3774 quae
914 3689 1035 3753 extant
1057 3687 1147 3776 apud
1169 3686 1264 3753 illum
1285 3710 1315 3775 p.
1340 3689 1415 3772 151,
1433 3689 1483 3754 13.

202 3793 254 3860 Ex
284 3794 392 3862 altera
421 3798 536 3862 autem
569 3795 796 3883 disputatione
827 3793 981 3862 caesellii
991 3797 1014 3878 1)
1044 3795 1111 3861 huo
1140 3795 1308 3882 pertinent
1339 3792 1483 3860 adnota-

200 3902 310 3970 tiones
327 3901 368 3968 de
391 3902 530 3969 uocibus
553 3909 674 3972 tamtus
697 3905 732 3970 ot
747 3909 898 3988 quamtus
911 3924 941 3989 p.
955 3901 1030 3985 203,
1045 3901 1084 3967 11
1104 3899 1196 3967 etde
1219 3900 1312 3967 uocis
1336 3901 1484 3969 mabam

200 4008 405 4096 etymologia
427 4032 457 4096 p.
468 4009 544 4094 203,
557 4009 611 4092 22,
629 4008 669 4076 de
685 4009 807 4096 quibus
831 4007 944 4076 docuit
956 4007 1123 4075 Cornutus
1145 4029 1176 4095 p.
1191 4007 1264 4090 152,
1278 4006 1298 4072 3
1314 4009 1350 4074 et
1369 4007 1440 4090 152,
1453 4007 1484 4072 6.

198 4150 235 4205 dc
253 4167 272 4205 u
290 4151 474 4207 consonantis
492 4149 538 4206 uel
1367 4199 1368 4204 ,

200 4239 308 4296 uocalis
331 4240 423 4295 uicem
446 4240 593 4296 obtinento
617 4256 644 4312 p.
665 4240 818 4306 14a12=
858 4239 954 4295 Velius
973 4240 1089 4310 Longus
1107 4255 1135 4310 p.
1152 4238 1197 4307 48,
1206 4239 1232 4295 8.
1244 4240 1289 4308 58,
1298 4238 1325 4295 9.
1338 4239 1380 4303 66,
1391 4238 1435 4293 22.

200 4327 237 4384 de
254 4328 340 4385 imae
357 4330 404 4385 uel
423 4346 515 4386 abac
664 4330 724 4397 150,
737 4330 771 4386 10
782 4355 819 4375 =
1149 4328 1193 4393 49,
1205 4329 1247 4384 10.
1259 4327 1304 4396 67,
1314 4328 1339 4383 3.

198 4417 235 4474 de
253 4435 324 4474 uoce
341 4419 479 4475 admetto
663 4419 749 4485 153,7
780 4445 817 4465 =
1147 4417 1246 4483 68,15.

200 4508 236 4562 de
253 4524 273 4578 y
291 4506 337 4561 uel
359 4525 378 4562 u
396 4507 491 4563 littera
666 4509 819 4574 153,11--
1149 4506 1192 4572 49,
1202 4505 1229 4561 6.
1242 4505 1285 4572 50,
1295 4506 1322 4562 9.

200 4595 236 4651 (1ο
254 4596 445 4668 adspiratione
664 4597 723 4663 153,
736 4596 770 4652 14
780 4623 817 4642 =
1149 4595 1192 4662 81,
1202 4596 1228 4650 5.

306 4687 326 4756 ¹)
345 4687 381 4742 ci.
401 4704 426 4758 p.
442 4687 477 4742 62
496 4688 562 4742 adn.
580 4687 607 4740 2.
