3458 5100
730 354 948 416 .-11-

193 551 340 619 quocum
356 552 438 598 caue
451 528 626 597 credideris
639 532 768 616 patrem
781 530 951 596 exstitisse
963 530 1072 616 ipsum
1084 527 1317 616 philosophum
1329 528 1478 596 eiusdem

194 659 296 724 quem
323 645 389 724 παῖ,
420 639 556 712 παιδίον,
587 639 698 702 τέκνον
728 636 909 723 alloquitur
938 637 973 701 in
1003 634 1193 718 theologiae
1224 635 1418 721 compendio
1446 656 1477 720 p.

200 745 269 826 1,1.
292 744 407 828 28,11.
422 743 538 826 41,19.
555 743 608 828 52,
617 742 647 809 4.
665 743 717 824 65,
730 744 756 808 l.
773 743 857 826 76,2
881 741 930 809 ed.
945 740 1048 826 Lang.
1078 740 1213 808 Etenim
1227 742 1281 809 ‘ad
1299 741 1476 808 artificium

193 849 364 938 quoddam
386 850 557 916 rhetorum
580 849 635 916 uel
665 849 945 936 philosophorum,
977 870 1043 936 quc
1076 849 1131 915 uel
1161 848 1256 916 initio
1287 848 1342 915 uel
1373 848 1477 914 etiam

193 958 305 1025 medio
327 959 363 1023 in
387 978 485 1044 opere
509 957 553 1023 ad
575 977 716 1043 puerum
739 961 902 1043 tanquam
931 955 1178 1023 instituendum
1208 955 1314 1023 oratio
1345 955 1476 1022 conlur-

196 1067 326 1149 metur,
351 1065 415 1130 hoc
438 1085 512 1130 esse
534 1062 745 1132 referendum
768 1064 854 1130 bene
877 1064 1008 1131 monuit
1023 1062 1138 1130 Osann
1153 1063 1173 1128 I
1190 1084 1215 1130 s.
1231 1085 1260 1150 p.
1276 1061 1386 1129 XXXI
1400 1062 1476 1130 adn.

193 1170 247 1237 Ad
273 1169 462 1256 exemplum
485 1171 528 1237 ab
551 1171 624 1258 ipso
647 1169 823 1237 laudatum
846 1169 1041 1252 Philostrati
1062 1170 1209 1255 iunioris,
1245 1170 1303 1257 qui
1324 1171 1389 1236 hac
1411 1169 1476 1236 iin-

192 1277 296 1360 gendi
318 1298 457 1364 puerum
473 1276 659 1345 errditorem
676 1282 748 1345 arte
764 1279 799 1345 in
814 1277 1016 1361 imagInibus
1034 1275 1239 1364 explicandis
1254 1277 1284 1342 II
1298 1296 1329 1362 p.
1346 1277 1421 1358 391,
1432 1275 1476 1341 29

195 1385 235 1450 Κ.
258 1406 340 1450 usus
364 1391 425 1468 est,
450 1384 536 1452 adde
551 1383 737 1451 Philodami
751 1384 903 1471 Epicurei
917 1386 989 1470 περὶ
1004 1387 1175 1469 ῥητορικῆς
1190 1383 1371 1466 uolumina,
1389 1404 1475 1469 quae

193 1492 240 1558 ad
271 1490 392 1558 Gaium
425 1490 594 1579 quendam
624 1513 764 1578 puerum
794 1491 899 1558 missa
932 1513 1006 1558 esse
1037 1491 1271 1558 demonstrant
1305 1489 1409 1556 uerba
1446 1488 1475 1554 ὦ

83 1639 84 1644 κ
195 1600 273 1664 raa
294 1598 388 1664 narr
410 1599 608 1685 pareas

284 1705 332 1771 De
356 1708 549 1792 tempore
573 1726 652 1773 uero
675 1727 756 1792 quo
781 1706 841 1771 sit
862 1708 995 1772 natus
1018 1705 1236 1772 Cornutus
1267 1704 1308 1770 de
1339 1701 1474 1770 Martini

195 1812 283 1878 hanc
306 1810 443 1878 exhibet
466 1810 499 1898 (l.
516 1833 586 1899 sp.
604 1813 657 1896 271
682 1811 897 1895 sententiam,
930 1814 970 1878 ut
992 1810 1036 1878 ad
1059 1832 1186 1878 annum
1209 1833 1238 1898 p.
1263 1810 1335 1878 (ihr.
1357 1831 1389 1876 n.
1412 1808 1475 1875 XX

190 1917 328 1985 natales
351 1916 483 1985 referat.
507 1917 636 1999 Quibus
651 1941 738 2005 quae
755 1939 922 2006 opponam
938 1919 1092 2002 grauiora
1114 1939 1183 1986 non
1198 1918 1316 2000 babeo,
1342 1917 1475 1984 etiamsi

191 2027 357 2092 terminus
379 2024 480 2111 paulo
503 2026 660 2093 remotior
681 2026 774 2093 haud
798 2025 958 2112 displicet
1003 2026 1075 2092 Hoc
1098 2046 1180 2092 sane
1203 2023 1388 2092 tenendum
1411 2028 1473 2106 est,

194 2153 285 2198 anno
307 2132 404 2219 primi
427 2153 457 2219 p.
481 2131 553 2198 chr.
576 2153 608 2197 n.
639 2131 766 2198 saeculi
788 2131 815 2197 h
839 2132 1022 2199 Cornutum
1044 2132 1172 2198 Romae
1202 2132 1271 2197 iam
1301 2135 1474 2197 uersatum

190 2238 375 2307 clarissimo
399 2239 551 2323 magistri
573 2259 711 2304 munere
741 2238 896 2306 functum
929 2260 1012 2307 esse.
1057 2239 1193 2307 Etenim
1215 2237 1366 2304 Persium
1396 2235 1474 2302 XVI

189 2365 300 2412 annos
325 2349 444 2412 natum
467 2346 510 2412 ab
535 2367 574 2413 eo
597 2347 633 2411 in
655 2346 919 2412 familiaritatem
945 2348 1114 2432 receptum
1139 2366 1214 2412 esse
1245 2344 1349 2432 ipsius
1380 2343 1473 2410 uitae

190 2455 311 2518 auctor
340 2455 488 2520 testatur
519 2452 606 2534 (uide
629 2474 732 2539 supra
753 2475 784 2540 p.
793 2453 834 2536 bl.
880 2452 1056 2520 Accedunt
1085 2475 1140 2519 uu.
1167 2451 1257 2518 Pers.
1289 2450 1473 2518 saevae

193 2579 293 2646 seqq,
317 2559 375 2625 ubi
390 2559 494 2626 uirilis
508 2563 610 2645 togae
625 2581 726 2625 usum
738 2560 949 2647 auspicatum
966 2580 1041 2626 sese
1053 2559 1191 2625 Cornuti
1202 2558 1334 2625 scholas
1351 2557 1473 2625 adiisse

192 2668 295 2751 poeta
317 2666 404 2733 dicit.
428 2665 491 2747 Qui
514 2688 590 2732 cum
613 2687 702 2734 anno
725 2665 865 2733 XXXIV
889 2669 991 2733 natus
1015 2667 1069 2747 sit,
1097 2670 1180 2734 tunc
1202 2665 1360 2753 temporis
1384 2665 1473 2730 hanc

188 2771 468 2839 consuetudinem
489 2773 573 2841 iniit.

279 2881 391 2965 Atque
418 2900 517 2964 nunc,
550 2883 709 2967 queniam
732 2880 837 2946 Persii
868 2879 1072 2947 mentionem
1094 2899 1206 2946 rerum
1229 2878 1307 2946 ordo
1338 2877 1471 2960 obtulit,

192 2987 402 3053 occasionem
426 2985 542 3053 datam
564 2990 659 3053 ratus
684 2987 732 3053 de
761 2986 971 3074 discipulis
999 2989 1119 3073 atque
1147 2986 1285 3052 amicis
1308 2984 1472 3052 Cornuti

193 3093 376 3159 disserendi
398 3113 486 3179 quac
510 3091 551 3158 de
572 3093 637 3160 illis
662 3094 732 3160 erui
750 3094 892 3180 'possint
923 3093 1039 3160 dicam.
1085 3094 1134 3159 Ac
1164 3093 1307 3180 primum
1338 3089 1472 3178 quidem

189 3199 314 3284 quibus
337 3199 416 3265 uiris
440 3198 546 3266 doctis
576 3199 649 3286 ipse
680 3221 762 3266 usus
794 3200 839 3266 sit
862 3199 1028 3266 Cornutus
1059 3199 1238 3284 magistris
1269 3199 1335 3264 hac
1365 3197 1406 3264 de
1437 3219 1471 3265 re

191 3304 273 3371 nihil
297 3309 439 3391 constat,
464 3307 529 3372 nisi
550 3305 638 3374 forte
662 3305 702 3372 de
725 3305 880 3373 Martinio
897 3304 1120 3393 adstipulariS,
1145 3306 1203 3392 qui
1217 3305 1471 3373 Athenodorum

189 3414 226 3478 et
249 3409 507 3480 Chaeremcnem
532 3412 661 3479 Stoicos
684 3412 731 3479 illi
754 3413 909 3480 attribuit
923 3415 1155 3500 praeceptores
1178 3413 1213 3500 (l.
1230 3435 1255 3479 s.
1270 3435 1301 3500 p.
1317 3410 1470 3496 34-37).

191 3517 242 3584 Ex
265 3519 419 3586 omnibus
442 3523 558 3586 autem
580 3542 667 3609 quae
690 3519 870 3587 traduntur
891 3519 1074 3607 permultos
1097 3520 1134 3585 in
1157 3519 1230 3586 eius
1262 3518 1470 3605 disprlinam

189 3627 324 3692 uenisse
355 3628 573 3711 cognescitur,
598 3628 754 3714 quamuis
784 3648 966 3714 paucorum
996 3628 1135 3695 nomina
1166 3627 1342 3713 scriptores
1372 3625 1469 3690 nobis

188 3732 390 3820 reliquerint.
425 3735 571 3816 Quorum
594 3755 636 3801 ex
659 3755 797 3801 numero
820 3735 944 3820 primas
967 3732 1147 3800 deferimus
1170 3732 1214 3800 ad
1237 3734 1276 3799 A.
1291 3731 1469 3799 Persium

191 3839 386 3924 Flaccum,
414 3836 507 3906 cuius
532 3862 573 3907 ex
596 3841 670 3907 uita
692 3840 991 3908 luculentissimam
1017 3861 1187 3908 assumere
1211 3839 1290 3907 licet
1303 3838 1468 3905 notitiam.

187 3945 253 4026 Qui
275 3949 455 4034 postquam
477 3968 536 4033 per
551 3951 711 4034 quattuor
726 3967 833 4015 annos
854 3947 986 4014 scholas
1002 3947 1086 4013 adiit
1100 3947 1242 4014 Remmii
1257 3944 1468 4012 Palaemonis

187 4053 398 4135 grammatici
413 4057 448 4120 et
462 4054 610 4138 Verginii
626 4054 721 4120 Flaui
736 4054 886 4139 rhetoris,
904 4054 1056 4122 Cornuto·
1066 4057 1202 4121 auctore
1222 4053 1266 4119 ad
1282 4051 1468 4119 Stoicorum

189 4159 454 4245 praeclarissima
485 4165 665 4248 praecepta
687 4163 838 4228 animum
868 4161 1042 4228 conuertit.
1089 4160 1182 4241 Quae
1206 4179 1308 4246 quarn
1331 4159 1466 4246 penitus

187 4265 378 4352 adsciuerIt,
403 4269 538 4334 saturae
561 4267 676 4354 ipsiuS,
701 4269 821 4355 quibus
845 4267 993 4335 Stoicam
1015 4266 1201 4334 doctrinam
1223 4265 1311 4332 tueri
1332 4269 1468 4352 poetam

187 4393 287 4440 nemo
303 4394 371 4439 non
386 4373 557 4458 intellegit,
574 4375 658 4440 satis
677 4373 921 4457 demonstrant3
945 4395 1013 4460 qua
1028 4374 1069 4439 de
1084 4394 1119 4439 re
1135 4373 1349 4439 conterantur
1360 4371 1467 4438 Iahnii

188 4478 331 4566 prolegg.
362 4502 392 4567 p.
415 4463 520 4546 LXIV
551 4484 653 4567 atque
680 4480 838 4564 Ribbeck,
872 4479 989 4547 Gesch.
1020 4478 1050 4546 d.
1081 4483 1160 4546 rdm.
1194 4479 1323 4564 Dichtg.
1356 4478 1466 4564 (1892)

187 4586 233 4652 III
246 4608 277 4674 p.
297 4586 368 4653 146.
406 4587 515 4654 Tanto
537 4591 652 4654 autem
668 4607 785 4655 amore.
793 4589 991 4680 prosecutus
1009 4589 1060 4653 est
1077 4586 1258 4653 Ocmutum
1275 4583 1465 4672 discipulus

188 4695 228 4758 ut
250 4696 456 4760 testamento
479 4693 527 4759 illi
549 4693 752 4780 relinqueret
774 4711 930 4780 magnam
953 4693 1114 4778 pecuniae
1146 4696 1275 4780 partem
1305 4711 1368 4758 nec
1398 4712 1467 4756 non
