3458 5100
788 287 1010 352 „44-

259 465 366 547 nosin)
390 465 513 550 posita;
543 464 756 551 reprehendit
778 469 952 552 praeterea
975 467 1166 549 incongrua,
1198 486 1267 532 non
1291 468 1538 550 conuenientia,

259 591 376 656 parum
399 570 521 638 idonea
544 573 680 656 (ἄκαιρα,
704 574 815 646 ἄτοπα,
839 573 885 656 μὴ
909 575 1017 645 καλῶς
1039 577 1167 658 κείμενα
1191 576 1225 638 ἒν
1248 576 1336 658 αὐτῷ
1358 581 1404 658 τῷ
1427 577 1541 659 τόπῳ),

258 676 414 744 ἰηάθοοῐε,
437 680 597 763 (ἅπρεπῆ),
636 677 727 744 Idem
759 700 816 746 our
846 678 961 745 Seruio
993 682 1093 746 aueto
1125 682 1213 746 teste
1238 678 1325 762 (uide
1347 702 1378 767 p.
1394 680 1448 764 82)
1472 681 1537 746 im-

258 784 450 870 probauerit
473 790 512 850 ut
534 783 703 851 sordidum
727 789 899 870 (ἅγροικον)
928 807 1063 853 uersum
1082 786 1164 852 Aen.
1180 786 1290 853 x547
1317 785 1460 854 ‘dixerat
1481 787 1539 854 ille

261 889 433 977 aliquid
454 911 613 976 magnum
637 943 644 958 .
668 943 674 958 .
698 896 717 960 .’
756 891 889 977 Georgii
918 893 1073 979 exposuit
1095 892 1139 959 ad
1161 893 1181 959 l.
1201 915 1236 978 s,
1272 895 1325 961 oui
1346 894 1411 960 hoe
1434 915 1539 960 unum

258 997 390 1082 addam,
415 999 585 1065 exstitisse
607 999 642 1065 P.
665 998 798 1066 Lauinii
823 999 981 1082 libellum,
1013 1021 1078 1087 quo
1101 1000 1149 1066 nil
1172 1001 1237 1066 nisi
1267 1001 1372 1067 uerba
1403 1000 1540 1067 sordida

256 1105 504 1188 tractabantur3
527 1127 593 1191 quo
618 1106 658 1172 de
682 1107 871 1174 conferatur
894 1106 1020 1174 Gellius
1043 1105 1106 1172 XX
1125 1105 1215 1190 11,1.

364 1211 590 1298 ¹Reprehendit
612 1217 787 1298 praeterea
810 1214 976 1280 Cornutus
1003 1215 1134 1300 poetica
1165 1214 1331 1300 quaedam
1361 1215 1535 1298 figmenta,

257 1339 343 1404 quae
360 1319 505 1406 ‘penitus
528 1340 550 1384 a
573 1320 717 1386 ueritate
738 1319 948 1405 diseedere'1)
972 1321 1125 1406 putabat.
1172 1320 1246 1401 Qua
1269 1321 1309 1387 de
1339 1342 1375 1388 re
1402 1325 1538 1407 praeter

255 1424 414 1492 Macrobii
437 1424 570 1492 Saturn.
591 1425 713 1508 Vror
729 1447 818 1514 seqq.
842 1427 941 1510 (inira
955 1449 986 1514 p.
1002 1429 1055 1510 81>
1087 1426 1313 1494 adhibuerunt
1347 1429 1410 1495 uiri
1443 1428 1536 1495 docti

257 1531 409 1598 Seruium
432 1532 475 1599 ad
498 1533 581 1599 Aen.
597 1533 706 1613 Inoo,
738 1533 797 1600 ubi
827 1535 1037 1620 uituperatur
1058 1536 1161 1621 poeta
1191 1534 1231 1601 de
1258 1521 1368 1601 'ferrea
1390 1535 1533 1602 telorum

256 1643 380 1722 segete,
416 1660 502 1726 quae
537 1643 671 1706 texerat
696 1640 897 1728 Polydorum
928 1663 950 1707 a
979 1641 1145 1707 Thracum
1178 1661 1255 1724 rege
1287 1641 1536 1708 obtrunoatum.

255 1746 342 1811 Nam
369 1746 465 1832 plura
494 1746 548 1812 hio
579 1755 817 1813 enumerantur
845 1747 1023 1834 figmenta
1054 1769 1140 1835 quae
1173 1748 1209 1812 in
1243 1749 1537 1834 reprehensionem

254 1851 440 1922 inciderant
455 1873 607 1940 quaeque
630 1854 673 1920 ab
698 1854 814 1921 eodem
830 1856 1044 1937 grammatico
1070 1859 1123 1936 (so.
1148 1854 1349 1938 aOornutol,
1374 1857 1430 1941 qui
1446 1855 1532 1922 Ver-

254 1958 369 2042 gilium
392 1961 537 2044 oastigat
560 1960 649 2047 apud
671 1961 876 2029 Macrobium
899 1962 918 2029 l.
943 1983 978 2044 s.‚
1010 1966 1131 2028 notata
1153 1962 1257 2029 luisse
1288 1963 1533 2028 sententiarum

256 2086 403 2132 conexus
427 2070 528 2154 atque
552 2067 630 2134 ordo
648 2068 851 2136 obiectorum
875 2072 1105 2135 enarratornm
1128 2090 1197 2135 non
1218 2071 1424 2155 interruptus
1448 2069 1536 2136 satis

256 2171 498 2242 demonstrant:
515 2176 630 2241 ‘traxit
645 2178 760 2241 autem
775 2176 838 2242 hoe
854 2175 894 2242 de
910 2176 1050 2242 historia
1058 2175 1213 2242 Romana
1229 2180 1283 2258 (se.
1295 2175 1470 2260 Vergilius)
1485 2226 1491 2241 .
1505 2227 1533 2242 ..

254 2279 475 2366 uituperabile
507 2281 596 2348 enim
628 2285 693 2366 est,
730 2286 865 2368 poetam
897 2282 1021 2370 aliquid
1052 2283 1194 2367 lingere,
1226 2281 1314 2369 quod
1344 2283 1479 2368 penitus
1511 2305 1533 2348 a

254 2388 398 2454 ueritate
422 2388 579 2454 discedat.
615 2387 800 2475 donique
824 2390 964 2456 obicitur
987 2389 1131 2474 Vergilio
1347 2399 1350 2404 '

412 2494 435 2561 Ι.
460 2495 500 2561 de
523 2496 712 2562 mutatione
734 2497 874 2563 nauium
897 2497 932 2562 in
954 2496 1121 2584 nymphas
1144 2494 1244 2584 (Aen.
1261 2494 1394 2586 IX81>3

398 2601 434 2666 Π.
458 2604 501 2667 et
524 2600 614 2688 quod
637 2600 716 2668 dioit
738 2623 796 2688 per
823 2624 963 2670 aureum
984 2623 1115 2668 ramum
1147 2601 1190 2669 ad
1219 2602 1344 2670 inferos
1376 2623 1450 2669 esse
1474 2602 1532 2669 de-

459 2729 616 2774 scensum
637 2706 738 2796 (Aen.
755 2708 910 2800 V1141>;

387 2814 438 2880 Ill.
462 2816 639 2898 tertium,
664 2836 722 2881 cur
743 2815 803 2882 lris
818 2816 939 2883 Didoni
962 2837 1092 2884 comam
1115 2819 1258 2884 secuerit
1271 2815 1372 2905 (Aen.
1383 2816 1430 2883 IV
1438 2814 1532 2906 698).

254 2920 313 2987 sed
346 2921 410 2988 hoe
444 2924 606 3008 purgatur
636 2920 800 3008 Euripidis
836 2923 996 3010 exemplo,
1030 2924 1088 3010 qui
1121 2924 1162 2990 de
1189 2924 1315 2990 Alcesti
1345 2925 1409 2991 hoo
1436 2923 1529 3008 dixit,

254 3050 329 3094 oum
352 3028 481 3094 subiret
502 3028 612 3095 fatum
635 3030 764 3096 mariti?
812 3032 905 3113 Quae
928 3031 1193 3118 uituperationes
1217 3052 1333 3097 omnes
1357 3030 1401 3098 ad
1423 3050 1530 3097 unum

253 3136 396 3202 redeunt
426 3136 589 3220 criticum3
619 3157 728 3223 neque
752 3137 897 3204 dubitari
920 3142 1008 3205 oerte
1038 3142 1151 3225 potest
1181 3139 1237 3225 qui
1266 3137 1369 3204 fuerit
1397 3137 1530 3204 illarum

253 3246 379 3325 auctor,
404 3264 479 3310 oum
501 3243 690 3310 Macrobius
713 3244 732 3310 l.
749 3266 774 3310 s.
798 3244 980 3312 Oomutum
1002 3246 1226 3312 nominauerit
1249 3243 1290 3310 de
1313 3264 1413 3311 aureo
1436 3264 1533 3310 ramo

254 3349 370 3433 (noll)
395 3352 429 3416 et
452 3349 493 3416 de
517 3349 604 3417 orine
627 3353 834 3417 mortuorum
857 3352 1004 3419 abscisso
1029 3356 1092 3434 (no.
1108 3351 1170 3435 Ill).
1215 3350 1332 3439 Neque
1355 3371 1434 3418 uero
1458 3372 1532 3435 gra-

252 3457 340 3524 uiter
363 3457 555 3539 obiurgasse
577 3458 661 3523 talia
685 3457 849 3525 Cornutus
879 3457 1077 3526 iudicandus
1105 3461 1166 3543 est,
1199 3457 1259 3524 sed
1281 3458 1415 3525 notauit
1438 3459 1532 3545 ‘quia

253 3565 403 3651 exemplo
435 3563 605 3631 oarebant’
628 3565 790 3649 figmenta
818 3565 877 3632 illa
905 3586 1016 3652 neque
1047 3566 1137 3632 unde
1166 3565 1339 3632 hausisset
1361 3564 1528 3649 Vergilius

251 3670 402 3738 inuenire
423 3671 495 3758 ipse
515 3674 679 3758 potuerat.
718 3671 863 3738 Priorem
886 3671 975 3738 enim
998 3671 1085 3738 hano
1108 3693 1246 3740 oausam
1268 3672 1402 3739 nomine
1426 3671 1530 3738 critioi

253 3781 353 3864 quern
367 3778 506 3864 protulit
523 3779 644 3844 omisso
661 3777 798 3845 Seruius
814 3779 971 3864 exposuit
990 3777 1033 3844 ad
1049 3780 1132 3845 Aen.
1147 3778 1194 3845 IX
1204 3778 1246 3844 81
1257 3779 1354 3844 =IX
1366 3779 1409 3844 82
1431 3777 1528 3844 Ribb.

253 3883 339 3966 (uide
361 3906 392 3971 p.
408 3884 461 3968 81)
487 3886 527 3951 de
549 3884 695 3951 nauibus
718 3885 858 3951 mutatis
882 3890 944 3968 (no.
959 3885 994 3971 I),
1019 3905 1161 3972 quocum
1185 3887 1368 3972 comparari
1385 3887 1531 3972 possunt

251 3991 356 4058 uerba
371 3989 469 4059 modo
486 3991 665 4076 exscripta:
681 3991 754 4057 ‘hoo
769 3994 957 4078 purgatur
971 3990 1137 4079 Euripidis
1154 3991 1352 4079 exemplo.³
1375 3991 1528 4058 Alterum

252 4099 367 4164 autem
390 4098 606 4165 confirmatur
628 4097 751 4164 ibidem
773 4098 877 4165 hisee:
905 4099 1021 4166 ‘traxit
1042 4100 1106 4166 hoo
1129 4098 1169 4165 de
1192 4099 1332 4166 historia
1354 4097 1530 4181 Romana',

252 4203 373 4290 quihus
396 4205 507 4271 uerbis
530 4204 700 4291 respondit
723 4203 841 4273 doetus
857 4204 993 4292 quidam
1008 4207 1245 4290 grammaticus
1263 4205 1408 4273 Cornuto
1425 4226 1529 4291 quae-

250 4312 349 4378 renti:
373 4312 473 4378 ‘unde
496 4312 581 4379 haee
602 4311 780 4380 historial’

360 4541 378 4612 ¹)
397 4543 439 4596 lix
458 4542 555 4597 Seruio
573 4547 660 4598 aucto
679 4542 715 4598 ed
734 4544 803 4598 Aen.
815 4543 916 4599 X1554
934 4543 1058 4598 ἀπῠθανα
1075 4542 1221 4614 πλάσματα
1238 4545 1347 4600 Probus
1365 4543 1530 4600 nominasse

251 4631 322 4688 tolie
338 4632 477 4702 figmenta
494 4631 675 4703 intellegitur.
1125 4663 1128 4670 Δ
