3458 5100
731 289 955 358 „77-

201 473 441 547 πλεονάζουσαν
471 472 585 554 μάτην,
616 472 649 534 οῖ
677 469 713 534 δὲ
743 470 790 541 ὡς
819 469 921 534 πολλὰ
944 474 1099 554 παρεῖσαν
1122 471 1300 554 (παριεῖσαν
1322 472 1353 552 v)
1377 471 1488 554 ῶςπερ

205 579 261 660 (ὥς
282 575 344 659 Κυ(
375 577 597 661 Κορνοῦτος
627 576 824 660 (Κορνοῦτος
845 573 887 658 K)
918 577 972 640 καλ
999 576 1241 661 Ἀθηνόδωρος,
1273 579 1382 649 οίτινες
1411 577 1489 661 περί

203 686 321 760 λέξεων
345 685 486 768 οἰόμενοι
507 683 563 748 τὸν
586 683 709 749 σκοπὸν
732 684 819 757 εἶναι,
841 683 929 748 καθὸ
952 684 1050 758 λέξεις
1066 684 1131 757 εἶσί,
1154 683 1275 755 πολλὰς
1290 678 1388 759 λέξεις
1402 708 1488 767 προ·

202 793 379 876 βάλλοντες,
402 791 458 863 τὰς
478 792 539 874 μέν
561 791 683 875 κυρίας,
705 789 762 862 τὰς
784 790 819 854 δέ
841 791 1006 874 τροπικός,
1031 791 1167 874 ἐλέγχειν
1191 793 1309 855 οῖονται
1330 791 1389 874 τὴν.
1406 791 1488 855 διαί-Α

203 922 288 982 ρεσιν
304 899 352 970 ῶς
367 900 407 963 οῦ
422 899 529 970 πόσας
542 897 598 969 τὰς
620 896 687 979 (τὰς
702 916 766 962 0111.
780 901 811 980 c)
831 897 929 972 λέξεις
943 897 1178 982 περιλαβοῦσαν
1195 897 1439 983 (περιβαλοῦσαν
1453 898 1487 962 Α.

68 1039 69 1046 1
202 1006 501 1089 περιλαμβάνουσαν
516 1030 536 1070 υ
548 1003 670 1086 litlig),
687 1007 722 1069 οἳ
731 1004 786 1068 καί
802 1005 950 1088 διαίρεσιν
972 1009 1036 1069 τῶν
1053 1004 1224 1087 ὀνομάτων
1248 1007 1367 1070 οἴονται
1385 1011 1482 1069 ποιεῖ-

204 1112 281 1177 σθαι
303 1114 347 1183 εἶς
362 1113 521 1195 ὁμώνυμα
544 1111 599 1175 καί
620 1112 795 1194 συνώνυμα
818 1110 872 1175 καί
894 1111 1086 1194 παρώνυμα.
1127 1111 1182 1175 καί
1204 1111 1282 1176 εἶναι
1303 1112 1340 1177 τὸ
1362 1112 1488 1196 βιβλίον

202 1218 418 1283 παντοδαπῶν
452 1218 678 1302 θεωρημάτων
712 1219 849 1302 σωρείαν
882 1218 1157 1302 ὑπολαμβάνουσι,
1191 1218 1331 1301 λογικῶν
1364 1243 1397 1282 τε
1430 1218 1488 1282 καλ

203 1330 349 1408 φυσικῶν
372 1325 426 1389 καὶ
449 1325 576 1409 ἠθικῶν
597 1324 652 1388 καὶ
666 1325 873 1406 θεολογικῶν.
909 1323 986 1388 εἶναι
1001 1324 1063 1408 γὰρ
1077 1324 1115 1388 τὰ
1131 1323 1192 1407 μέν
1207 1325 1280 1407 περὶ
1295 1325 1488 1408 ὁμωνύμων

99 1431 106 1444 ’
202 1430 257 1495 καὶ
279 1432 481 1514 συνωνύμων
504 1431 558 1495 καὶ
580 1432 791 1514 παρωνύμων
814 1433 981 1515 σκέμματα
1004 1431 1116 1514 λογικό
1134 1451 1141 1464 ·
1157 1433 1201 1495 ἔτι
1224 1431 1259 1496 δέ
1281 1432 1335 1495 καὶ
1356 1432 1393 1496 τδ
1411 1431 1485 1514 περί

201 1543 267 1601 τῶν
299 1539 522 1621 ἀντικειμένων
545 1558 553 1572 ·
575 1537 613 1602 τὰ
645 1538 680 1603 δέ
709 1538 781 1622 περί
810 1539 967 1622 κινήσεως
994 1539 1145 1621 φυσικά·
1169 1537 1269 1622 ἠθικὰ
1293 1537 1388 1602 δὲτὰ
1412 1538 1485 1621 περί

203 1645 315 1728 ἀρετῆς
336 1644 391 1708 καλ
412 1645 535 1718 κακίας,
559 1645 667 1729 ὥςπερ
682 1633 854 1728 θεολογικά
869 1645 906 1708 τὰ
921 1645 1073 1729 περὶτῶν
1090 1645 1167 1709 δέκα
1184 1649 1288 1727 γενῶν
1303 1645 1484 1728 φιλοσοφήγ

201 1774 294 1834 ματα.
329 1750 365 1815 τὸ
389 1751 424 1815 δὲ
447 1750 568 1835 ἀληθές
590 1753 651 1834 οῦχ
675 1753 778 1823 οὕτως
801 1753 872 1834 ἔχει.
913 1753 985 1816 ούτε
1008 1751 1069 1834 γὰρ
1094 1751 1242 1834 διαίρεσιν
1265 1757 1397 1816 ποιεῖται
1418 1755 1486 1815 τῶν

199 1858 382 1941 Ιὀνομάτων.
428 1859 467 1922 οῦ
498 1858 559 1941 γὰρ
590 1861 629 1921 ἂν
658 1857 695 1922 τὰ
726 1859 909 1942 ἕτερώνυμα
936 1858 990 1922 καλ
1012 1858 1212 1947 πολυώνυμα
1235 1863 1388 1941 παρῆκεν,
1412 1859 1483 1921 ἀλλ’

202 1965 290 2038 ἔστιν,
314 1965 362 2034 ὡς
383 1965 427 2035 είς
448 1965 571 2046 μεγάλα
585 1966 667 2048 μέρη
686 1965 804 2039 διελεῖν,
826 1964 970 2048 τριμερὲς
991 1963 1028 2028 τὸ
1042 1964 1172 2049 βιβλίον.
1204 1967 1248 2049 (φ.
1271 1964 1320 2031 19.
1344 1965 1395 2030 21.
1417 1965 1486 2047 23.)

309 2084 564 2173 Simplicius
601 2087 643 2152 in
682 2086 946 2154 Aristotelis
986 2087 1239 2171 categorias
1276 2085 1299 2152 f.
1330 2088 1371 2154 15
1403 2087 1485 2154 1¹32

201 2215 232 2258 u.
259 2192 344 2274 101).
370 2194 476 2258 Ἄλλοι
506 2194 542 2258 δέ
570 2195 682 2258 πολλοὶ
710 2194 793 2278 πρὸς
820 2195 918 2280 αύτὴν
948 2196 1208 2280 δμφεσβήτησαν,
1239 2195 1376 2260 αῦτόθεν
1406 2220 1483 2259 κατ-

200 2307 392 2389 ηγοροῦντες
420 2307 476 2385 τῆς
498 2303 543 2372 εἷς
571 2307 722 2366 τοσοῦτον
744 2302 870 2385 πλῆθος
893 2302 1083 2384 διαιρέσεως,
1114 2303 1222 2386 ῶςπερ
1253 2301 1484 2386 Ἀθηνόδωρος

200 2409 234 2471 έν
257 2413 303 2490 τῷ
326 2406 419 2490 Πρὸς
440 2407 496 2479 τὰς
518 2408 747 2491 Ἀριστοτέλους
768 2409 828 2491 μέν
850 2408 1052 2492 Κατηγορίας
1074 2409 1336 2492 ἐπιγεγραμμένῳ
1359 2410 1485 2494 βιβλίῳ,

199 2514 304 2597 μόνην
333 2514 368 2578 δέ
394 2515 451 2598 τὴν
481 2517 525 2588 εἰς
550 2520 702 2579 τοσοῦτον
731 2514 857 2599 πλῆθος
887 2516 1035 2600 διαίρεσιν
1067 2516 1241 2590 έξετόζοντι
1264 2534 1272 2550 ·
1295 2515 1349 2580 καὶ
1379 2516 1483 2600 Κορτ

199 2627 333 2692 νοῦτος
356 2621 391 2686 δέ
413 2623 447 2685 ἒν
470 2622 517 2693 οἷς
539 2621 621 2706 πρὸς
639 2622 870 2706 Ἀθηνόδωρον
891 2622 945 2686 καλ
967 2622 1178 2705 Ἀριστοτέλην
1202 2623 1381 2705 ἐπέγραφεν
1405 2623 1484 2686 ’καὶ

200 2729 231 2791 σί
259 2727 331 2810 περὶ
360 2727 415 2792 τδν
436 2727 579 2792 Λούκιον
604 2728 639 2792 δέ
668 2729 722 2792 καί
751 2729 806 2792 τὸν
829 2728 1056 2813 Νικόστρατον,
1087 2730 1195 2814 ὥςπερ
1226 2729 1308 2814 πρὸς
1337 2729 1374 2793 τὰ
1403 2730 1480 2794 ἄλλα

199 2835 300 2898 πάντα
323 2835 446 2916 σχεδόν,
470 2836 573 2907 οῦτως
595 2835 649 2898 καί
670 2835 754 2920 πρὸς
775 2834 832 2920 τὴν
856 2835 1004 2919 διαίρεσιν
1028 2837 1252 2919 άντειρήκασιν·
1288 2837 1422 2920 ληπτέον
1446 2837 1484 2901 δὲ

200 2941 233 3004 έν
258 2940 345 3023 ὅροις
374 2941 563 3023 ὡρισμένοις
592 2942 648 3012 τὰς
670 2943 845 3024 ἀντιλογίας
871 2949 962 3026 τριχῇ
990 2942 1264 3025 διαστειλαμένους
1286 2944 1391 3014 αῦτάς.
1426 2944 1482 3007 καί

200 3046 261 3130 γάρ
284 3049 315 3111 οἱ
335 3047 395 3131 μὲν
418 3048 465 3118 ῶς
486 3048 725 3123 πλεονάζουσαν
747 3051 903 3114 αἰτιῶνται
925 3049 981 3132 τὴν
1002 3049 1149 3132 διαίρεσιν
1166 3069 1172 3082 ·
1189 3051 1288 3132 ἕτεροι
1305 3049 1403 3130 (ἄλλοι
1417 3047 1481 3130 Κυ(

200 3153 235 3216 δὲ
266 3155 313 3224 ὡς
343 3155 450 3237 ἐλλιπῆ
479 3155 769 3237 καταμέμφονται·
793 3157 887 3240 τρίτοι
922 3156 958 3219 δέ
991 3157 1066 3220 εἰσιν
1101 3157 1132 3219 oi
1165 3156 1245 3228 ἄλλα
1273 3157 1341 3220 ἀντ’
1375 3157 1482 3220 ἄλλων

199 3260 343 3343 εἶςῆχθαι
365 3263 438 3344 γένη
462 3262 649 3344 νομίζοντεςΙ
696 3265 741 3346 (γ.
764 3262 817 3329 18.
839 3263 904 3342 22.)

307 3364 563 3452 Simplicius
602 3366 645 3431 in
682 3366 951 3434 Aristotelis
989 3368 1243 3451 categorias
1280 3367 1303 3434 f.
1340 3368 1481 3436 33114

199 3470 302 3555 1142).
335 3473 428 3557 Πρὸς
460 3475 494 3538 δὲ
524 3476 746 3560 Κορνοῦτον
774 3478 981 3559 (κουρνοῦτον
1003 3474 1094 3558 11²2)
1125 3477 1179 3541 καὶ
1201 3476 1395 3560 Πορφύριον
1422 3477 1482 3560 τὴν

77 3579 79 3591 ’
200 3579 305 3663 ῥοπὴν
328 3580 407 3644 κατὰ
430 3583 590 3665 βαρύτητα
612 3583 667 3646 καλ
689 3582 871 3667 κουφότητα
893 3584 1126 3666 θεωρουμένην
1149 3585 1401 3667 (θεωρουμένων
1416 3581 1478 3666 Κυ(

78 3770 81 3788 .
197 3687 348 3770 ποιότητα
384 3688 560 3771 (ποιότητας
592 3687 625 3753 Κ
656 3689 815 3773 ποσότητα
853 3715 873 3754 υ
919 3691 1068 3773 ποιότητα
1103 3689 1138 3754 in
1172 3709 1274 3773 marg.
1311 3689 1360 3755 cd.
1390 3688 1478 3771 Bae.)
1512 3689 1514 3692 ’

198 3793 346 3875 λέγοντάς
374 3818 454 3878 φησι
485 3797 538 3876 (sc
566 3795 585 3858 ὁ
611 3795 798 3881 Ἰόμβλιχος(
828 3796 885 3880 τὴν
915 3797 1019 3880 ῥοπὴν
1049 3797 1095 3881 μὴ
1127 3795 1204 3861 είναι
1233 3798 1394 3880 βαρύτητα
1424 3797 1479 3860 καλ

198 3901 391 3984 κουφότητα,
415 3902 492 3965 ἀλλὰ
515 3903 632 3984 μέτρον
653 3904 830 3987 βαρύτητος
852 3904 906 3968 καὶ
928 3904 1139 3988 κουφότητος.
1186 3905 1231 3987 (γ.
1254 3903 1313 3970 24.
1329 3904 1376 3970 26
1391 3905 1477 3985 adfrt.)

305 4003 561 4093 Simplicius
603 4007 646 4073 in
682 4008 947 4076 Aristotelis
986 4009 1238 4092 categorias
1280 4007 1475 4076 f.471151

199 4132 230 4176 u.
253 4110 331 4195 45⁸).
370 4164 377 4178 .
401 4165 408 4178 .
433 4165 439 4178 .
467 4115 544 4179 Εἴτε
574 4114 632 4179 οῦν
663 4117 710 4187 ῶς
739 4116 968 4201 Ἄθηνόδωρος
999 4119 1093 4181 οἴεται
1122 4118 1204 4200 πρός
1235 4142 1261 4180 τι
1294 4116 1371 4181 εἶναι
1397 4117 1478 4181 κατὰ

198 4219 388 4305 Ἀριστοτέλη
417 4222 636 4306 (Αριστοτέλην
658 4221 733 4289 KA:
765 4222 958 4309 compendio
986 4222 1031 4305 L),
1072 4225 1128 4306 ἐφ’
1152 4221 1192 4288 οῦ
1227 4225 1246 4306 ἡ
1281 4225 1479 4308 προςηγορία

304 4468 323 4536 ²)
342 4492 379 4512 =
395 4468 416 4524 1.
439 4467 476 4521 1²¹
488 4470 529 4525 ὅν
548 4471 592 4526 cd.
604 4471 704 4526 Vcnci.
723 4495 759 4514 =
777 4487 804 4542 p.
816 4469 875 4525 471>
887 4470 921 4525 18
939 4469 1067 4526 Brundis.

305 4557 324 4625 ⁹)
341 4579 378 4601 =
394 4557 416 4614 f.
434 4557 501 4615 Ἠ
511 4569 527 4602 ²
545 4559 589 4615 ed.
601 4559 701 4616 Vanet.
719 4584 754 4604 =
772 4577 800 4632 p.
812 4560 874 4615 57²
888 4558 922 4613 16
941 4559 1066 4614 Brandis.

304 4646 323 4716 ⁸)
342 4670 378 4690 =
395 4647 416 4704 1.
436 4651 458 4700 I
460 4647 466 4664 ’
482 4647 523 4704 51)
543 4647 585 4703 cd.
594 4649 708 4716 Venet.;
728 4648 831 4704 desunt
849 4648 925 4720 apud
942 4648 1128 4706 Brundisium.

250 4740 342 4798 Reppa.
1279 4737 1298 4791 6
