3458 5100
736 255 959 370 ..15¹-

198 484 264 548 tur.
309 482 462 568 Namque
498 501 566 546 una
596 500 674 547 cum
704 480 857 547 Musonio
889 480 1032 548 eiectum
1064 501 1138 548 esse
1170 479 1354 547 Oomutum
1384 501 1486 568 supra

201 588 347 655 uidimus
379 609 422 655 ex
451 586 576 656 Suidae
607 586 720 654 uerbis
743 591 784 674 (p.
807 586 841 675 4)
873 590 908 653 et
939 608 982 653 ex
1008 587 1143 655 Ioannis
1167 586 1366 665 Antiocheni
1395 585 1485 670 frag-

201 698 316 763 mento
346 693 389 782 (p.
406 693 450 781 5).
507 693 702 761 Musonium·
733 696 848 760 autem
882 693 919 760 in
954 693 1108 760 exsilium
1146 693 1238 760 misit
1271 692 1358 760 Nero
1389 714 1418 759 a.
1442 694 1485 759 65

199 801 386 869 secundum
409 800 551 890 Tacit1)
574 799 686 866 annal.
701 799 764 866 XV
786 801 847 884 71;
871 821 1015 887 quocum
1038 799 1162 888 optime
1186 799 1355 867 consentit
1376 820 1487 867 rerum

199 909 281 976 ordo
305 909 340 975 in
362 906 524 994 Xiphilini
547 907 711 995 excerptis
735 907 915 990 exhibitus,
947 906 1006 974 ubi
1029 910 1109 975 ante
1133 927 1262 974 annum
1284 905 1318 972 6.
1341 906 1487 973 Telesini

200 1021 238 1082 et
267 1014 405 1082 Sueten.
428 1013 570 1099 Paulini,
603 1015 661 1102 qui
689 1015 827 1081 iuenmt
864 1001 1019 1082 consules
1058 1034 1089 1081 a
1112 1013 1196 1100 deff)
1227 1013 1347 1080 harum
1376 1033 1487 1081 rerum

203 1121 329 1189 mentio
352 1121 399 1191 Iit.
445 1121 563 1208 Itaque
595 1120 728 1188 omissis
758 1119 833 1205 illis,
858 1142 945 1208 quae
976 1118 1017 1187 de
1048 1123 1198 1208 tempore
1221 1120 1343 1188 uitiose
1368 1123 1487 1187 extant

199 1227 293 1317 apud
308 1227 558 1312 Hieronymum,
583 1247 712 1294 annum
727 1227 910 1295 statuimus
926 1228 980 1311 65,
1002 1248 1068 1316 quo
1084 1227 1252 1295 Sornutus
1274 1227 1311 1294 in
1333 1227 1488 1295 exsilium

201 1335 297 1420 abiit,
330 1333 473 1402 eundem
503 1333 629 1402 scilicet
659 1355 795 1418 annum,
830 1355 898 1422 quo
930 1336 1003 1401 tam
1033 1333 1132 1402 multi
1164 1333 1391 1401 Romanorum
1424 1333 1488 1400 uiri

203 1441 353 1525 insignes
375 1442 509 1529 propter
533 1440 798 1508 coniurationem
811 1440 1029 1508 Pisonianam
1052 1443 1194 1508 mortem
1217 1440 1379 1509 obierunt.
1414 1441 1488 1522 Qua

204 1549 239 1615 in
267 1548 495 1616 coniuratione
526 1546 715 1616 enarranda
745 1547 937 1615 Musonium
967 1547 1092 1615 Rufum
1129 1547 1305 1635 expulsum
1335 1547 1489 1614 nominat

201 1655 342 1722 ¹Tacitus
364 1653 384 1720 l.
408 1676 444 1740 s.,
469 1654 523 1721 cui
546 1653 779 1722 claritudinem
800 1655 956 1739 nominis,
981 1676 1057 1722 cum
1081 1655 1194 1722 studia
1216 1656 1381 1723 iuuenum
1395 1676 1489 1742 prae-

201 1761 310 1848 ceptis
344 1761 531 1849 sapientiae
566 1761 707 1841 foueret,
745 1761 947 1830 detrimento
985 1761 1091 1830 fuisse
1126 1763 1286 1849 perhibet.
1331 1761 1490 1828 Similiter

204 1867 349 1936 fortasse
378 1889 432 1935 res
464 1890 501 1935 se
531 1869 652 1941 habuit
682 1868 723 1936 de
746 1868 902 1953 Cornuto,
930 1890 1030 1956 quem
1054 1891 1160 1957 aeque
1184 1869 1369 1957 sapientiae
1392 1889 1488 1956 prae·

203 1975 311 2062 ceptis
334 1974 504 2042 addictum
527 1978 563 2043 et
584 1978 814 2062 εὐδοκιμοῦντα
838 1978 888 2042 erl
909 1978 1036 2060 παιδείᾳ
1058 1976 1223 2044 nouimus.

312 2080 428 2162 Quae
451 2085 609 2168 postea
631 2081 820 2150 Cornuto
844 2081 1107 2170 acciderint,
1131 2084 1195 2150 hac
1218 2083 1259 2151 de
1290 2103 1325 2150 re
1355 2067 1489 2171 prbms

203 2190 322 2255 tacent
344 2188 538 2274 scriptores3
569 2208 678 2276 neque
710 2189 770 2255 nbi
793 2191 854 2256 aut
876 2210 942 2276 quo
964 2192 1114 2279 ternpore
1137 2192 1290 2256 mortuus
1313 2189 1359 2256 sit
1380 2189 1489 2276 philo-

203 2295 332 2382 sophus
370 2297 576 2382 compertum
613 2294 788 2363 habemus.
833 2294 1009 2363 Musonius
1048 2295 1182 2383 quidem
1227 2299 1304 2384 post
1348 2297 1490 2365 Neronis

206 2403 347 2469 mortem
373 2402 516 2469 Romam
545 2400 645 2469 rediit
666 2401 719 2490 (ci.
742 2401 846 2470 'lacit
876 2402 1109 2490 naemei).
1154 2403 1270 2490 Neque
1302 2425 1382 2471 uero
1415 2423 1491 2471 cum

159 2529 162 2536 ·
206 2507 409 2575 Buechelero
440 2508 551 2576 facere
581 2530 729 2596 possum,
763 2511 819 2597 qui
845 2510 882 2576 in
904 2530 988 2577 mus.
1011 2508 1117 2579 Rhen.
1140 2509 1207 2577 uol
1229 2509 1355 2577 XXXV
1377 2510 1490 2598 (1880)

205 2637 237 2703 p.
261 2615 327 2683 390
351 2636 417 2703 seq.
465 2615 615 2683 Stoicum
637 2636 753 2683 senem
776 2617 880 2683 etiam
903 2637 992 2684 anno
1016 2615 1061 2684 84
1092 2617 1219 2684 uixisse
1243 2617 1406 2685 conclusit
1427 2618 1490 2685 ita:

205 2721 346 2811 Scripsit
376 2721 465 2788 enim
496 2722 662 2790 Cornutus
695 2723 740 2790 ad
770 2722 888 2790 Silium
918 2723 1072 2791 Italicum
1103 2725 1144 2792 de
1175 2725 1319 2809 Vergilio
1354 2727 1490 2792 auctore

205 2828 355 2896 Sharisio
380 2827 436 2895 GL
458 2828 474 2894 I
496 2850 526 2915 p.
545 2829 618 2913 125,
639 2830 680 2898 16
694 2829 734 2899 Κ.
757 2828 848 2918 (uide
871 2853 902 2918 p.
917 2830 1003 2918 (7911
1041 2829 1305 2899 ‘SIVI'IA'IIVM
1327 2833 1491 2900 Annaeus

206 2935 375 3003 Sornutus
407 2935 449 3002 ad
473 2934 625 3003 Italicum
658 2935 699 3004 de
721 2936 867 3022 Vergilio
898 2936 982 3006 libro
1005 2938 1038 3004 X
1067 2938 1224 3026 “iamque
1255 2939 1407 3026 exemplo
1430 2943 1490 3006 tuo

209 3044 312 3109 etiam
341 3042 505 3130 principos
541 3043 740 3128 ciuitatium,
776 3065 795 3112 o
830 3046 940 3132 poeta,
974 3045 1135 3132 incipient
1168 3044 1289 3112 similia
1321 3046 1490 3130 lingere’'.’

206 3149 303 3231 Quae
325 3149 441 3225 uerba,
467 3169 543 3216 cum
566 3148 610 3215 ad
626 3149 756 3218 Siliana
778 3151 927 3218 carmina
949 3151 1150 3238 pertineant,
1167 3172 1236 3219 non
1260 3155 1341 3220 ante
1364 3174 1491 3220 annum

205 3255 254 3322 84
277 3255 375 3322 scribi
397 3255 557 3342 poutisse.
603 3255 710 3336 Quem
734 3277 861 3324 annum
884 3258 971 3325 eruit
992 3257 1216 3324 Buechelerus
1241 3280 1283 3326 ex
1299 3259 1369 3327 Silii
1384 3259 1492 3327 Italici

207 3361 296 3428 IIII
318 3361 449 3446 11007,
482 3383 548 3450 quo
580 3363 810 3430 Domitianum
840 3363 990 3452 appellat
1021 3366 1258 3436 Germanicum
1289 3370 1407 3455 poeta:
1434 3369 1492 3433 ‘At

208 3472 249 3535 tu
278 3469 506 3553 transcendes,
547 3468 761 3555 Germanice,
793 3471 886 3538 iacta
914 3473 1070 3541 tuorum'.
1123 3471 1235 3560 Atque
1265 3494 1301 3540 re
1324 3495 1406 3540 uera
1428 3474 1492 3540 hoc

209 3575 419 3662 imperatoris
449 3597 637 3660 cognomen
666 3579 747 3644 tnnc
777 3578 937 3666 temporis
967 3579 1111 3667 primum
1146 3582 1321 3668 occursu)
1367 3579 1432 3646 Sed
1463 3581 1493 3646 si
1538 3663 1540 3669 ,

211 3681 314 3748 semel
345 3682 545 3768 suscipimus
577 3704 684 3766 genus
715 3684 779 3752 hoc
809 3685 1076 3772 argumentandi,
1111 3687 1249 3754 attende
1281 3708 1346 3774 quo
1378 3690 1492 3774 serpat

318 3932 336 4001 ¹)
359 3931 445 3987 Vides
465 3947 538 4003 quae
555 3933 629 3988 ratio
647 3933 807 3989 intercedat
824 3933 898 3990 inter
916 3935 1045 3992 'I'acitum
1065 3938 1095 3990 et
1106 3935 1234 4002 Dionem,
1255 3953 1312 4008 qna
1330 3938 1365 3992 de
1383 3953 1413 3992 re
1431 3954 1492 3992 sae·

208 4019 274 4091 pius
299 4020 476 4076 disserebant
500 4021 553 4076 uiri
578 4022 668 4078 docti:
702 4039 793 4094 neque
824 4024 898 4080 eninr
922 4023 1053 4080 'l'acitnnr
1083 4025 1232 4097 exscripsit
1252 4025 1315 4092 Dio,
1341 4026 1388 4098 qui
1412 4027 1493 4098 plura

211 4108 329 4181 praebet
347 4108 494 4176 hocloco,
513 4111 646 4182 quoniam
658 4112 774 4168 Cornuti
792 4128 896 4168 nomen
915 4114 1031 4185 eiusque
1049 4115 1177 4170 exsilium
1196 4114 1302 4170 frustra
1322 4119 1493 4188 quaeruntur

207 4196 288 4268 ¹apud
305 4196 443 4254 Tacitum.

318 4287 337 4358 ²)
356 4287 455 4343 Annus
466 4304 494 4359 p.
507 4287 571 4344 chr.
584 4305 613 4343 n.
626 4288 663 4344 66
674 4289 771 4362 incipit
790 4290 866 4363 apud
878 4291 999 4347 Dionem
1011 4292 1097 4347 LXIII
1118 4292 1141 4360 l,
1154 4292 1167 4346 l
1181 4292 1228 4363 (III
1240 4310 1267 4365 p.
1280 4293 1371 4348 68311.
1384 4293 1491 4364 Boissl.

319 4375 339 4446 ³)
359 4375 529 4443 3163111131,
549 4377 637 4434 doctr.
657 4395 733 4434 num.
752 4382 809 4437 net.
828 4380 866 4436 vl
884 4381 947 4436 378.
964 4380 1026 4439 396.
1046 4380 1187 4452 [1160111.
1225 4383 1329 4450 Oohen,
1348 4382 1493 4438 Medailles

210 4463 370 4535 imperiales
377 4465 396 4530 ²,
414 4465 521 4521 Domit.
536 4465 577 4521 10.
597 4466 657 4522 106.
677 4467 738 4524 130.
756 4467 818 4524 001.
837 4468 899 4525 306.
917 4469 980 4525 023.
998 4469 1060 4525 324.
1078 4470 1139 4526 361.
1159 4470 1220 4526 862.
1239 4471 1293 4527 353
1304 4487 1382 4544 seqq.
1410 4471 1492 4526 Cata·

212 4552 297 4624 logne
324 4552 357 4609 ol
383 4554 434 4610 the
453 4555 537 4611 Goins
564 4554 596 4611 of
613 4555 783 4612 Alexandria
802 4558 857 4613 and
876 4557 927 4614 the
945 4575 1043 4615 nomes
1062 4559 1191 4629 (London
1210 4560 1297 4629 1802),
1316 4561 1420 4616 Domit.
1430 4559 1492 4616 300.

209 4640 274 4698 001.
291 4641 354 4698 600.
390 4643 552 4712 Mommsen,
571 4644 688 4717 Ilphem.
707 4646 793 4719 epigr.
812 4647 838 4702 V
856 4647 946 4717 (18841
964 4663 991 4718 p.
1004 4647 1048 4703 93.
1494 4675 1497 4684 ¹

1298 4739 1332 4792 2*
