3458 5100
787 271 1010 340 „73-

254 456 395 538 ῦιτιζητεῖ
413 452 449 518 τὸ
478 451 561 536 πρὸς
592 454 612 516 ὃ
642 451 768 535 λέγεται.
814 451 834 516 ό
864 448 926 536 γάρ
958 451 1074 516 δοῦλον
1096 449 1241 522 ἀκούσας
1268 452 1406 535 ἐπιζητεῖ
1424 449 1479 516 τόν
1501 448 1541 515 οῦ

256 563 320 628 ἔστι
351 561 466 632 δοῦλος
496 576 504 590 ·
534 561 593 624 είτε
623 559 671 632 ὥς
701 558 924 643 Κορνοῦτος
962 556 1008 638 (in
1045 564 1243 642 cccccccccc
1276 558 1358 624 mut
1383 556 1420 641 L)
1459 558 1542 642 πρός

255 693 285 732 τι
314 667 394 733 είναί
421 691 517 752 φησιν
549 667 596 738 οίς
627 667 876 750 συμπροςττόιτει
901 661 985 748 πρὸς
1014 667 1120 748 ἕτερον
1151 667 1171 750 ή
1204 667 1234 749 )ἡ
1262 683 1363 751 supra
1395 684 1481 730 uara.
1503 663 1526 729 J
1533 685 1541 729 ε

256 794 321 840 cm.
346 773 387 858 A)
422 775 535 858 σχέσις,
569 774 608 839 οῦ
638 774 746 856 μέντοι
777 774 798 856 c)
829 772 1024 855 οιστακτική,
1050 773 1099 843 ὡς
1132 772 1184 836 ἐπὶ
1215 773 1284 836 τῶν
1313 771 1454 855 ἐχόντων
1486 772 1542 837 καὶ

256 883 432 966 ἐχομένων,
466 881 533 945 ἀλλ’
568 882 589 964 ἡ
623 879 706 965 πρὸς
738 879 920 954 ὑπόστασιν,
954 879 1031 943 ὅταν
1057 877 1114 959 (δτι
1136 876 1175 960 L)
1210 879 1298 961 αῦιῷ
1331 885 1378 961 τῷ
1411 881 1430 943 δ
1464 878 1542 944 εἶναι

257 987 298 1070 (ὦ
320 985 394 1054 LA:
429 1006 493 1053 om.
516 985 584 1052 JK:
619 985 658 1053 cf.
682 983 1091 1052 &roravi48151u1
1118 986 1153 1051 ct
1175 983 1229 1067 25)
1252 985 1309 1069 τήν
1330 984 1414 1070 πρὸς
1435 986 1542 1069 ἕτερον

257 1095 427 1160 ἀπόνευσιν
450 1096 507 1179 ἔχη
531 1095 606 1178 (ἔχει
620 1091 688 1176 JL),
711 1093 785 1158 κατ’
810 1093 927 1158 οῦδόνα
948 1093 1068 1176 τρόπον
1089 1089 1126 1156 τδ
1147 1092 1304 1175 πηδάλιον
1326 1095 1346 1175 ἢ
1368 1090 1405 1155 τὸ
1427 1091 1542 1176 πτερὸν

256 1202 341 1286 πρός
368 1201 399 1265 τί
419 1200 530 1266 ἑστιν.
558 1202 630 1266 οὔτε
654 1195 716 1285 γάρ
739 1199 880 1284 ἐπιζητεῖ
896 1224 933 1274 τι,
955 1197 1038 1283 πρὸς
1061 1199 1079 1263 ὃ
1102 1199 1229 1282 λέγεται,
1253 1200 1326 1286 οῦτε
1347 1195 1427 1262 κατά
1451 1199 1542 1280 (anic

256 1305 337 1373 κατὰ
362 1304 436 1374 add.
458 1306 516 1392 τὴν
537 1306 578 1389 Α)
600 1304 659 1391 τήν
680 1305 764 1390 πρὸς
786 1307 893 1391 ἕτερον
914 1303 1125 1390 ῦποστατικήν
1140 1306 1245 1389 σχέσιν
1267 1305 1393 1388 λέγεται.
1417 1305 1541 1390 (aaa)

365 1430 622 1518 Simplicius
665 1429 708 1496 in
748 1428 1013 1496 Aristotelis
1058 1428 1316 1512 categorias
1360 1427 1541 1496 r.89r13

256 1559 290 1605 u.
314 1537 392 1622 20¹).
437 1538 503 1603 Καί
533 1537 565 1602 οῖ
592 1537 735 1604 Στωῦιοί
766 1537 801 1602 δὲ
831 1537 1069 1622 παραλαβόντες
1098 1536 1153 1602 τδν
1183 1535 1318 1621 δρισμδν
1346 1537 1476 1620 λέγοντα
1506 1536 1542 1600 τδ

257 1647 403 1712 καθόλου
428 1645 584 1729 διάστημα
605 1649 661 1729 τῆς
682 1649 738 1710 τοῦ
765 1643 884 1716 παντὸς
914 1645 1045 1728 φύσεως
1073 1645 1276 1730 παρίτρεψαν
1297 1643 1352 1709 τὸν
1373 1644 1470 1727 λόγον
1493 1643 1543 1708 ἐντί

256 1751 294 1818 τδ
318 1753 475 1836 διάστημα
498 1757 553 1836 τῆς
574 1753 739 1836 κινήσεως,
762 1752 817 1816 καί
838 1752 1076 1835 πλημμελοῦσιν
1099 1749 1187 1815 οῦτοι
1210 1797 1217 1816 .
1241 1750 1318 1816 διότι
1339 1755 1404 1815 τῶν
1423 1751 1541 1816 Πυθα-

258 1861 395 1943 γορείων
416 1857 452 1924 τδ
476 1859 633 1943 διάστημα
656 1857 795 1942 φυσικὸν
816 1855 871 1922 καί
894 1858 928 1922 ἒν
950 1863 1097 1941 φυσικοῖς
1118 1858 1234 1941 λόγοις,
1264 1858 1319 1922 καί
1341 1859 1370 1922 εἰ
1390 1858 1475 1924 σῦτω
1497 1881 1543 1930 τις

257 1967 407 2052 βούλοιτο
429 1967 544 2041 καλεῖν,
567 1967 601 2030 ἐν
622 1970 688 2037 τοῖς
711 1969 943 2050 σπερματικσῖς,
976 1963 1023 2037 ὥς
1054 1987 1130 2030 ποτε
1160 1963 1214 2030 καὶ
1236 1965 1457 2049 Κορνοῦτος
1480 1964 1543 2048 διγὲ

256 2077 350 2138 τοῦτο
373 2071 586 2138 ῦπώπτευσεν.
632 2074 678 2157 (p.
701 2071 767 2154 24.)

367 2193 622 2283 Simplicius
645 2194 972 2262 inAristotclis
995 2196 1249 2280 categorias
1271 2194 1542 2278 f.9116u.10).

259 2305 486 2388 Κορνοῦτος
516 2303 551 2369 δὲ
581 2306 703 2390 ἀπορεῖ,
735 2306 765 2369 εί
793 2307 867 2385 (orn.
890 2302 933 2386 A)
961 2303 998 2368 τὸ
1028 2309 1093 2369 ποῦ
1122 2310 1180 2368 τοῦ
1210 2304 1310 2369 τόπου
1333 2304 1387 2368 καὶ
1408 2302 1444 2368 τδ
1467 2303 1543 2368 ποτὲ

259 2417 317 2476 τοῦ
340 2412 460 2496 χρόνου
484 2411 564 2476 κατὰ
586 2411 642 2475 τδν
665 2409 927 2496 χαρακτηρισμὸν
949 2416 1015 2475 τῶν
1037 2411 1156 2485 λέξεων
1176 2411 1380 2494 διενηνοχότα
1403 2413 1448 2483 είς
1463 2411 1544 2481 ίδίας

258 2517 481 2584 κατατέτακται
504 2516 563 2599 fita
582 2515 674 2583 JLK:
698 2519 927 2601 κατατετάχθαι
941 2516 1003 2600 Ac)
1027 2519 1231 2603 κατηγορίας,
1255 2517 1305 2581 διὰ
1328 2517 1365 2582 τὸ
1386 2516 1444 2601 τήν
1462 2517 1542 2600 πρό-

258 2626 350 2690 θεσιν
380 2624 454 2707 περί
479 2626 695 2709 χαρακτήρων
718 2623 796 2688 εἶναι
818 2624 971 2688 λεκτικῶν
995 2643 1002 2658 ·
1025 2624 1055 2688 τί
1077 2625 1195 2708 δήποτε
1218 2623 1290 2707 οῦχλ
1312 2624 1367 2688 καί
1388 2628 1483 2688 ταῦτα
1505 2629 1544 2708 τῇ

260 2732 437 2814 κατηγορίᾳ
457 2731 553 2814 ταύτῃ
579 2733 644 2814 (τῆς
665 2731 861 2813 κατηγορίας
874 2731 990 2813 ταύτης
1004 2728 1045 2811 Α)
1068 2730 1281 2814 προςίθηκεν,
1305 2730 1374 2794 οἷον
1395 2729 1432 2795 τδ
1448 2730 1543 2795 ’Διω-

261 2837 371 2903 νόθευ’
394 2837 450 2901 καί
471 2838 527 2909 εείς
541 2836 670 2911 Δίωνα,
694 2836 750 2900 καλ
762 2836 800 2900 τὰ
815 2842 943 2900 τοιαῦτα
967 2831 1069 2899 πολλὰ
1093 2837 1186 2912 ὄντα·
1208 2836 1305 2919 ὅμοια
1328 2838 1390 2920 γάρ
1413 2839 1475 2902 ἔστι
1496 2843 1544 2919 τῷ

262 2943 472 3028 ’Ἀθήνηθεν
487 2943 542 3007 καί
557 2943 613 3014 ἐἷς
628 2943 794 3026 Ἀθήνας’.
820 2941 904 3024 πρὸς
920 2941 955 3006 δὲ
970 2945 1067 3006 ταῦτα
1083 2943 1214 3025 ἐξαρκεῖ
1224 2943 1334 3026 λέγειν,
1357 2944 1403 3007 ὅτι
1418 2944 1458 3007 οῦ
1472 2943 1545 3026 περί

264 3057 466 3136 χαρακτῆρος
495 3050 612 3125 λέξεώς
642 3051 724 3115 ἔστιν
754 3051 863 3133 ήτῶν
885 3051 1087 3133 κατηγοριῶν
1110 3048 1268 3134 διαίρεσις.
1313 3050 1544 3134 καθόλουγὰρ

259 3157 317 3229 τάς
331 3158 391 3240 μὲν
407 3156 573 3238 λεκτικάςἽ
591 3156 650 3238 fita
662 3155 711 3222 σά.
720 3153 836 3221 Bauli:
852 3155 1048 3227 διαλεκτικὰς
1058 3153 1170 3221 JLKA
1182 3153 1231 3221 cd.
1241 3154 1370 3238 Venot)
1386 3156 1545 3240 διαφορὰς

261 3266 306 3336 είς
329 3266 434 3348 ὄνομα
457 3265 577 3348 ἀνῆγον
599 3267 620 3348 ἢ
645 3265 734 3348 ῥῆμα
757 3265 778 3348 ή
796 3288 825 3328 τι
846 3269 997 3337 τοιοῦτον,
1020 3264 1061 3328 οῦ
1076 3265 1186 3346 μέντοι
1201 3265 1246 3335 είς
1260 3265 1453 3348 κατηγορίαν
1468 3264 1543 3327 τινά.

260 3371 314 3436 ἐπὶ
337 3371 372 3436 δὲ
393 3371 516 3436 τούτων
539 3371 668 3453 ἔχεσθαι
690 3369 751 3453 μὲν
775 3371 825 3434 δεῖ
844 3370 894 3453 (δή
910 3366 948 3450 L)
970 3374 1035 3434 τῶν
1059 3375 1192 3454 φωνῶν,
1218 3371 1257 3434 οῦ
1280 3371 1388 3453 μέντοι
1409 3369 1489 3434 κατὰ
1507 3368 1543 3434 τὸ

259 3478 419 3544 πτωτικόν
442 3484 550 3562 σχῆμα
572 3483 627 3561 τῆς
648 3477 775 3553 λέξεως,
799 3477 877 3541 ἀλλὰ
902 3477 1124 3560 διαιρούμενον
1146 3477 1202 3548 τάς
1222 3478 1380 3561 σημασίας
1394 3476 1474 3541 κατά
1489 3475 1545 3547 τὰς

260 3590 329 3650 τῶν
352 3586 455 3650 ὄντων
479 3585 660 3668 διαφοράς·
677 3585 755 3649 ὅθεν
779 3585 851 3648 οῦιε
874 3585 894 3647 ὁ
915 3582 1022 3658 τόπος,
1046 3583 1153 3667 ἐπειδὴ
1175 3583 1231 3648 τὸν
1246 3583 1342 3649 αῦτδυ
1359 3589 1545 3667 χαρακτῆρα

261 3693 326 3774 ἔχει
347 3697 393 3774 τῷ
413 3693 540 3765 ’ἴπτισςζ
564 3691 637 3764 οῦτε
660 3692 680 3754 ό
703 3691 829 3776 χρόνος,
852 3689 960 3772 ἐπειδὴ
983 3688 1019 3753 τὸ
1043 3689 1120 3754 σῦτὸ
1144 3697 1252 3775 σχῆμα
1274 3695 1329 3775 τῆς
1351 3692 1467 3764 λέξεως
1482 3692 1545 3773 ἔχει

261 3803 310 3881 τῷ
332 3799 460 3872 ’λύκοςζ
483 3804 539 3882 τής
561 3798 659 3882 αῦτής
681 3799 738 3863 εἰσι
761 3799 834 3879 )ἕστι
848 3795 886 3878 L)
909 3797 1124 3880 κατηγορίας·
1142 3798 1220 3862 ἀλλὰ
1242 3796 1354 3880 τὰμὲν
1368 3802 1425 3862 τοῦ
1440 3802 1544 3862 ποσοῦ

262 3903 334 3978 ἐστι,
357 3903 395 3968 τά
419 3904 454 3969 δὲ
475 3911 532 3989 τῆς
555 3906 671 3976 οῦσίσς.
709 3904 815 3968 Πάλιν
839 3905 874 3968 δὲ
897 3904 916 3968 ό
938 3903 1052 3975 σῦτὸς
1075 3904 1172 3990 ἀνὴρ
1194 3903 1230 3968 ιδ
1252 3904 1368 3988 πόρρω
1384 3903 1438 3968 καί
1453 3900 1545 3986 ίγγῦς

262 4011 309 4082 είς
330 4010 366 4075 τὸ
388 4011 471 4094 πρός
493 4035 521 4074 τι
543 4011 670 4095 ἀνάγειν
693 4012 783 4086 ἀξιοῖ,
806 4010 938 4076 τοπικδν
968 4013 1080 4094 ἔχοντα
1103 4011 1140 4075 τὸ
1164 4012 1383 4094 ὑποκείμενον.
1417 4013 1462 4095 (p.
1477 4010 1543 4093 24.)

262 4167 479 4182 m

373 4257 392 4329 ¹)
410 4279 447 4302 =
464 4257 485 4315 i.
503 4255 539 4310 1³¹
558 4257 601 4312 5³
619 4257 664 4315 cd.
674 4258 776 4313 Vcnct.
793 4281 831 4302 =
848 4275 876 4329 p.
888 4256 948 4313 802
961 4258 995 4313 18
1013 4257 1140 4314 Brundis.

372 4347 392 4417 ¹)
410 4371 447 4390 =
464 4345 485 4401 i.
504 4343 534 4401 P'
555 4346 590 4401 8²
604 4347 648 4403 ed.
666 4347 782 4413 νοσοίη
802 4347 905 4402 desunt
922 4347 999 4418 apud
1016 4347 1204 4403 Brundisium.

266 4523 320 4580 Kal
372 4436 392 4506 ⁸)
411 4435 500 4491 Recta
524 4435 564 4492 sic
589 4435 724 4503 scribitur,
752 4439 786 4492 ut
810 4435 1008 4506 benignissime
1032 4453 1144 4493 mecum
1169 4435 1388 4494 communicauit
1412 4453 1440 4491 u.
1464 4435 1489 4490 ά.
1515 4436 1545 4491 G.

321 4524 448 4580 bflcisch.
