3458 5100
763 274 985 344 ,qq-

235 453 392 538 spectant
415 450 521 517 Seruii
553 451 645 518 aucti
668 451 711 518 ad
734 452 816 518 Aen.
840 451 887 517 IV
910 453 952 519 57
976 453 1090 536 uerba,
1123 452 1245 539 quibus
1267 453 1406 536 hostias,
1440 473 1516 520 cum

235 558 324 625 ictae
348 567 463 624 essent
486 560 521 623 et
544 556 669 644 aliquid
693 580 735 624 ex
757 557 822 623 11116
853 558 888 622 16
919 579 1013 625 aram
1044 557 1161 625 datum
1193 563 1293 642 esset,
1325 553 1515 626 ‘mactatas'

237 665 430 732 nommatas
454 684 529 732 6666
552 663 739 750 explicauit
777 665 865 730 Nam
888 685 963 730 cum
987 664 1046 747 616,
1071 687 1158 751 quae
1182 665 1222 731 de
1242 669 1434 750 magmento
1458 687 1516 732 ex-

236 771 349 857 posuit
371 770 426 837 ille
451 769 634 837 secundum
650 769 775 837 Placidi
797 770 953 854 glossam,
979 773 1102 859 optime
1127 773 1348 856 conueniunt,
1371 774 1409 840 61.
1426 773 1516 841 ‘Gor-

237 880 341 944 nutus
365 877 526 964 quidquid
547 880 726 959 mactatur,
749 876 783 942 id
807 881 860 944 est
884 878 1043 966 quidquid
1066 878 1116 945 dis
1145 878 1262 946 datur?
1309 880 1383 961 Qua
1410 880 1453 947 (16
1481 901 1517 946 16

235 984 316 1050 IIcet
330 1005 420 1050 nunc
443 1005 482 1050 eo
501 985 630 1056 ,certius
652 984 807 1067 iudicare,
831 984 920 1071 quod
943 984 1026 1052 nihil
1047 987 1115 1052 iam
1138 986 1362 1054 dubitandum
1384 985 1518 1054 uidetur

238 1090 279 1157 de
292 1091 423 1175 glossae
436 1091 600 1179 scriptura
615 1092 771 1175 quidquid
782 1092 833 1160 dis
848 1094 954 1176 datar,
968 1113 1071 1179 quam
1082 1093 1255 1180 proposuit
1265 1093 1359 1178 Iahn,
1375 1093 1517 1179 prolegg.

237 1221 268 1286 p.
284 1197 362 1264 XIX
376 1198 412 1264 in
428 1198 657 1282 adnotatione,
683 1203 803 1286 postea
819 1199 1049 1286 comprobauit
1063 1199 1246 1267 Buecheler
1260 1201 1296 1267 in
1311 1222 1396 1268 mus.
1411 1199 1517 1267 Rhen.

238 1304 303 1372 uoI
327 1303 468 1370 XXXIV
491 1303 598 1388 (1879)
622 1326 652 1392 p.
669 1305 750 1390 348;
775 1305 859 1373 conl.
882 1304 976 1372 Varr.
1000 1327 1058 1374 rer.
1082 1306 1194 1374 rustic.
1217 1306 1335 1391 Ι29,3
1358 1308 1417 1374 ‘sic
1433 1328 1517 1394 quo·

237 1433 302 1498 que
326 1413 406 1478 exta
428 1413 829 1495 deocumdaomit1)...’
876 1411 939 1479 Pro
964 1417 1053 1480 certo
1069 1413 1171 1498 igilur
1193 1434 1315 1501 ponere
1337 1435 1517 1501 possumus

237 1518 442 1601 ‘magmenti'
477 1538 594 1584 uocem
630 1518 812 1585 Cornutum
843 1517 989 1586 alienam
1019 1521 1194 1606 putauisse
1226 1541 1247 1586 a
1280 1521 1409 1605 ‘magis’
1444 1521 1518 1587 siue

237 1629 391 1709 ‘augere',
424 1645 510 1711 quae
541 1623 718 1712 explicatio
749 1626 884 1712 saepius
908 1627 1061 1710 occurrit3
1100 1625 1140 1694 61
1164 1625 1300 1694 866166.
1323 1649 1353 1714 p.
1374 1628 1439 1695 275
1463 1628 1516 1694 a:

239 1732 359 1815 ‘magis
382 1735 538 1797 auctum’.
584 1730 677 1798 Varr.
701 1731 741 1797 de
760 1730 779 1799 I.
795 1732 815 1798 1.
831 1731 862 1797 V
880 1731 959 1799 112:
982 1737 1016 1798 ‘a
1037 1733 1163 1817 magis’.
1187 1732 1278 1800 Seru.
1301 1734 1344 1800 ad
1366 1735 1450 1802 Aen.
1471 1735 1518 1801 IV

238 1840 295 1906 57:
319 1837 440 1904 ‘maius
457 1841 694 1921 augmentum'.
721 1837 844 1904 Festus
861 1838 958 1904 Pauli
972 1861 1003 1926 p.
1020 1840 1094 1915 126,
1106 1840 1129 1905 4
1143 1841 1198 1906 Μ.;
1215 1841 1336 1907 ‘maius
1360 1861 1518 1924 augmen·

237 1947 321 2011 tum’
346 1945 404 2026 (sic
426 1943 609 2011 secundum
633 1943 855 2028 scaligerum).

344 2050 415 2117 Iam
439 2051 468 2116 si
491 2051 662 2137 quaeritur
683 2072 765 2118 num
787 2052 823 2117 in
838 2051 975 2136 Vergilii
997 2053 1130 2120 scholiis
1147 2056 1265 2120 extent
1287 2053 1406 2137 adhuc,
1430 2075 1518 2141 quac

238 2158 373 2225 nomine
396 2158 542 2225 auctoris
566 2159 689 2224 omisso
713 2156 756 2225 ad
774 2157 957 2226 Cornutum
980 2163 1144 2246 spectent,
1168 2181 1285 2229 uereor
1306 2163 1346 2228 ut
1368 2182 1518 2247 unquam

237 2266 287 2332 ita
320 2285 390 2331 rem
428 2264 582 2352 expedire
615 2263 730 2348 liceat,
768 2269 808 2332 ut
846 2265 940 2334 nulla
973 2270 1148 2334 remaneat
1182 2267 1357 2335 dubitatio.
1401 2267 1518 2354 Neque

238 2372 354 2438 Inueni
378 2370 581 2438 6616861611
604 2375 639 2438 et
661 2371 769 2438 Seruii
793 2373 884 2440 aucti
906 2375 1151 2460 percensuerim
1174 2373 1409 2442 adnotationes
1431 2373 1517 2456 Illas,

240 2500 324 2565 quas
355 2477 592 2565 adscripserint
624 2477 671 2544 Illi
702 2479 742 2545 de
772 2484 926 2546 ueterum
956 2480 1125 2564 theologia
1156 2485 1191 2548 et
1219 2482 1259 2548 de
1290 2481 1518 2568 philosophiae

239 2585 355 2668 rebus,
388 2585 508 2670 quibus
532 2585 715 2651 Cornutum
746 2607 880 2673 operam
912 2585 1043 2653 dedisse
1073 2589 1210 2672 sennua,
1242 2587 1330 2675 quod
1360 2594 1450 2656 certo
1475 2587 1519 2654 ad

240 2691 312 2758 eius
347 2691 584 2758 auctoritatem
618 2692 743 2759 redeat.
796 2692 884 2759 Sunt
922 2714 1004 2760 sane
1040 2694 1220 2782 quaedam,
1256 2716 1342 2782 quae
1377 2695 1518 2762 eandem

240 2797 393 2865 redolent
416 2795 609 2882 doctrinam,
645 2798 754 2865 ueluti
784 2821 871 2886 quae
902 2796 1082 2866 traduntur
1112 2799 1153 2866 de
1182 2801 1297 2868 Cerere
1329 2802 1518 2869 aOornuto

240 2927 270 2992 p.
287 2903 393 2986 5613
416 2903 452 2971 L.
476 2902 546 2970 coll.
570 2903 661 2971 Seru.
684 2906 767 2971 Aen.
783 2905 830 2972 IV
853 2906 895 2972 58
927 2909 988 2972 aut
1019 2906 1060 2974 de
1082 2907 1223 2992 Iunone,
1256 2930 1342 2996 quae
1366 2912 1422 2976 661
1445 2930 1518 2976 6666

241 3011 362 3079 dicitur
391 3033 413 3077 a
445 3009 589 3078 Oomuto
620 3033 650 3098 p.
667 3011 751 3085 3,15
782 3012 816 3078 L.
841 3013 911 3079 coII
936 3013 1052 3080 Seruio
1086 3017 1185 3083 aucto
1216 3015 1260 3082 ad
1284 3017 1364 3082 Aen.
1380 3014 1427 3080 IV
1445 3015 1517 3098 167,

241 3117 300 3185 sed
330 3117 467 3184 Cornuti
497 3117 667 3186 doctrinae
697 3120 781 3186 haec
816 3119 928 3187 deberi
959 3142 981 3187 a
1011 3121 1200 3189 scholiastis
1234 3123 1369 3189 minime
1404 3124 1520 3210 opinor

240 3225 315 3292 ideo
339 3224 428 3311 quod
460 3225 534 3292 aliis
564 3225 645 3292 locis
675 3246 809 3313 prorsus
839 3225 1030 3312 discrepant
1053 3249 1075 3294 a
1099 3228 1236 3296 Oomuti
1265 3228 1398 3312 iudicio,
1432 3251 1519 3316 quae

241 3329 442 3398 addiderunt
470 3331 507 3396 hi
539 3332 746 3420 interpretes.
792 3333 843 3399 Elx
873 3333 925 3400 his
957 3337 1045 3402 enim
1081 3334 1226 3402 efficitur
1258 3336 1387 3403 indoles
1422 3336 1518 3420 longe

242 3438 324 3524 alia,
361 3460 428 3524 qna
462 3437 502 3504 de
535 3437 725 3506 conteratur
756 3442 898 3527 exempli
928 3462 1033 3508 causa
1056 3441 1166 3507 Seruii
1196 3441 1237 3508 de
1267 3441 1385 3510 Libero
1417 3445 1519 3529 atque

243 3545 359 3613 661616
383 3544 557 3612 adnotatio
581 3544 624 3611 ad
648 3567 756 3630 georg.
771 3548 822 3614 15
846 3567 923 3614 cum
946 3549 993 3614 616
1018 3568 1104 3635 quae
1127 3548 1266 3635 protulit
1288 3549 1454 3616 Gomutus
1478 3548 1519 3616 de

241 3653 294 3719 his
317 3652 510 3718 numinibus
533 3672 563 3739 p.
580 3653 685 3736 57,16
702 3674 792 3741 seqq.
808 3656 845 3721 et
859 3654 944 3737 52,4
956 3675 1045 3742 seqq.
1061 3655 1095 3720 L.
1112 3657 1232 3742 Aptius
1254 3657 1355 3740 igitur
1369 3655 1519 3723 referun-

242 3762 298 3826 tur
321 3759 452 3846 siquae
476 3762 652 3826 occurrunt
672 3759 904 3827 similitudines
928 3761 973 3827 ad
996 3761 1130 3828 eosdem
1153 3766 1316 3849 auctores,
1341 3764 1518 3851 exquibus

242 3868 368 3933 hausta
390 3868 471 3932 sunt
494 3868 693 3950 argumenta
707 3866 765 3933 illa
781 3867 1012 3955 discrepantia.
1050 3867 1167 3956 Neque
1182 3869 1253 3936 ulla
1274 3870 1520 3958 probabilitatis

243 3974 352 4060 666616
384 3972 428 4038 ad
458 3973 640 4040 Cornutum
675 3978 876 4040 reuocentur
910 3996 995 4061 quae
1028 3981 1142 4063 aperte
1175 3977 1446 4061 algnificaucrunt
1478 3999 1520 4043 cx

243 4078 429 4146 Stoicorum
453 4078 603 4146 doctrina
625 4079 821 4167 deprompta
836 4081 1045 4164 scholiastae,
1069 4082 1175 4149 ueluti
1198 4104 1284 4169 quae
1307 4083 1521 4171 proferuntur

158 4223 159 4228 κ
242 4187 279 4252 16
302 4184 408 4252 Seruii
431 4186 600 4252 uolumIne
631 4186 671 4253 de
703 4186 773 4254 deis
796 4188 969 4255 hominum
996 4211 1049 4255 res
1073 4190 1268 4256 curantibus
1292 4190 1360 4273 (ecl.
1376 4190 1452 4256 VIII
1467 4191 1520 4257 35.

351 4362 370 4433 ¹)
390 4363 426 4419 61.
444 4367 591 4434 praeterea
608 4367 711 4420 Arnob.
729 4365 781 4420 VII
798 4365 842 4422 91.
861 4366 911 4422 VII
923 4366 967 4421 25.
979 4365 1023 4422 26.
1037 4366 1080 4423 27.
1119 4367 1180 4423 hin.
1197 4367 1286 4423 XXVI
1298 4368 1341 4436 28,
1350 4369 1376 4424 8.
1396 4368 1520 4426 Macrob.

244 4452 356 4508 Saturn.
376 4451 495 4518 1112,3.
523 4453 642 4510 Martial.
661 4454 746 4525 epigr.
765 4455 805 4509 XI
823 4455 866 4520 57,
879 4455 905 4510 4.
941 4454 1057 4527 Ρ166116
1076 4456 1222 4511 dicabatur
1238 4462 1304 4514 ecta
1323 4458 1446 4524 rachim
1484 4458 1520 4514 61.

245 4541 322 4596 Seru.
342 4542 378 4596 ad
396 4557 492 4612 georg.
511 4542 537 4596 11
558 4541 616 4598 194.
646 4544 716 4599 Aen.
735 4544 879 4600 7111269.
916 4544 1039 4611 Hannon,
1059 4549 1126 4601 acta
1144 4545 1223 4602 fratr.
1243 4548 1331 4604 arual.
1350 4565 1377 4618 p.
1395 4547 1444 4613 23;
1483 4547 1520 4602 61.

243 4629 359 4684 titulum
368 4630 435 4684 ibid.
448 4645 475 4700 p.
488 4630 523 4684 92
536 4628 554 4702 6
567 4631 593 4697 3,
607 4633 654 4703 qui
665 4634 821 4705 explicatur
829 4650 855 4705 p.
865 4633 914 4703 94;
935 4633 1036 4690 deInde
1049 4635 1086 4690 61.
1096 4635 1210 4690 tItulum
1220 4636 1287 4691 anni
1299 4635 1353 4693 218
1364 4636 1430 4692 ibid.
1440 4654 1468 4709 p.
1477 4637 1520 4692 21.
