3458 5100
778 313 1003 381 ..56-

251 508 403 571 negem
414 510 462 554 us
485 510 548 556 nos
564 489 671 558 dicere
689 493 723 557 et
748 494 864 560 tamen
881 491 1040 560 dicimus’.
1076 493 1174 560 Vnde
1190 497 1329 581 apparet
1344 495 1536 562 adhibuisse

250 593 341 660 hunc
359 595 551 682 scriptorem
566 596 601 661 in
616 599 765 664 tractatu
788 597 829 664 de
846 598 1025 666 schematis
1041 599 1210 667 dianoeas
1227 601 1349 688 scripto
1365 607 1536 669 auctorem

254 700 459 781 Quintiliano
490 702 626 769 minime
659 704 820 788 ignotum.
866 705 978 773 Facile
1012 711 1127 774 autem
1157 708 1229 774 fieri
1264 710 1388 795 potuit,
1423 713 1464 776 ut
1494 731 1536 776 ex

251 806 366 874 eodem
391 808 550 896 scriptore
559 813 582 891 ¹)
613 814 762 878 sumeret
792 833 899 878 unum
921 813 1108 880 alterumue
1146 814 1335 902 exemplum
1366 816 1536 883 doctrinae

250 913 377 981 Fabius
422 916 455 981 in
503 938 545 984 ea
588 920 684 1004 parte
730 918 985 1005 disputationis,
1040 942 1129 1006 quae
1175 923 1321 1009 pertinet
1372 921 1416 988 ad
1461 945 1535 989 ora-

249 1023 360 1088 tiones
396 1023 566 1106 figuratas.
626 1023 743 1110 Neque
781 1026 870 1092 enim
909 1027 1020 1093 omnia
1067 1027 1132 1094 hac
1176 1033 1212 1094 in
1257 1033 1353 1115 parte
1394 1029 1434 1096 de
1472 1051 1533 1096 suo

251 1130 380 1217 proprie
415 1129 657 1218 deprompsisse
696 1131 921 1214 Quintilianus
961 1135 1195 1201 aestimandus
1230 1139 1298 1219 est,
1335 1137 1364 1201 si
1402 1134 1535 1222 quidem

250 1239 340 1303 recte
362 1235 607 1304 Radermacher
635 1240 800 1305 communi
828 1239 975 1327 quodam
1004 1241 1097 1308 tonte
1122 1263 1202 1308 usos
1227 1263 1301 1309 esse
1324 1242 1463 1310 Fabium
1488 1243 1534 1308 IX

251 1344 282 1426 2,
297 1343 339 1410 92
357 1346 392 1410 et
406 1343 613 1411 Demetrium
628 1345 669 1412 de
685 1344 872 1414 elocutione
895 1351 913 1430 1
928 1347 992 1414 281
1011 1352 1050 1435 tp.
1067 1349 1175 1434 0110
1189 1349 1239 1432 R.)
1265 1351 1422 1433 statuite)
1461 1350 1535 1431 Qua

254 1451 439 1517 communis
462 1449 566 1518 fontis
590 1454 791 1519 auctoritate
807 1452 899 1519 haud
914 1453 982 1521 scio
1002 1475 1047 1520 an
1064 1456 1236 1523 commode
1252 1457 1437 1544 explicetur
1452 1477 1533 1524 oon-

252 1577 372 1624 sensus
395 1557 490 1624 Fabii
513 1562 548 1625 et
571 1559 739 1647 scriptoris
761 1559 802 1626 de
830 1559 1011 1628 schematis
1035 1565 1152 1629 contra
1182 1562 1359 1650 scriptores
1381 1562 1532 1630 Pseudo-

249 1663 475 1751 Dionysianos
507 1665 614 1732 editos
645 1666 688 1732 ab
711 1666 870 1749 Vsenero,
903 1667 998 1734 Dion.
1022 1667 1096 1736 Hal.
1126 1690 1212 1755 quae
1235 1669 1342 1737 101101
1372 1691 1425 1737 010
1449 1671 1532 1738 rhet.

254 1770 395 1858 (Lipsiae
421 1771 516 1854 1895)
540 1793 570 1859 p.
585 1771 629 1850 43
646 1794 749 1860 seqq.;
784 1772 823 1840 ci.
846 1773 1017 1841 Penndorf
1038 1774 1099 1842 10.
1114 1798 1147 1886 p.
1164 1775 1275 1864 17617.
1315 1777 1395 1858 Quis
1418 1781 1533 1845 autem

251 1876 318 1944 luit
341 1879 526 1946 communis
540 1878 596 1947 ille
611 1879 806 1960 Quintiliani
823 1884 858 1947 et
872 1880 1117 1948 Ps-Rufiniani
1132 1885 1273 1950 auctor?
1295 1883 1420 1950 Rerum
1442 1885 1532 1971 ipsa-

253 2001 328 2050 rum
350 1988 473 2052 natura
495 1985 620 2054 sedicet
651 1987 952 2054 controuersiarum
981 1988 1203 2072 figuratarum
1225 1991 1311 2057 ratio
1341 1994 1465 2076 monet,
1493 1995 1533 2056 ut

256 2091 346 2158 intra
366 2091 454 2158 fines
473 2092 570 2180 primi
585 2092 765 2161 Caesarum
781 2093 906 2162 saeculi
921 2095 1154 2163 consistamus.
1188 2098 1299 2184 Atque
1316 2101 1356 2163 ut
1370 2117 1412 2166 ex
1429 2099 1532 2184 scrip-

251 2197 333 2265 toris
348 2200 453 2286 ipsius
468 2201 660 2267 testimonio
671 2201 805 2268 initium
814 2200 979 2268 faciamus
996 2203 1222 2270 coniecturae:
1246 2203 1533 2271 Commemoratur

251 2305 341 2392 apud
363 2306 656 2374 Ps.·Rufinianum
679 2329 709 2394 p.
725 2307 778 2389 60,
793 2308 836 2374 10
851 2329 940 2396 seqq.
964 2310 1101 2377 Cornuti
1117 2308 1290 2377 cuiusdam
1311 2309 1352 2376 de
1376 2310 1531 2394 figuratis

256 2415 490 2482 controuersiis
513 2415 690 2482 sententia
729 2415 830 2482 Cuius
855 2417 1018 2503 opinionis
1035 2420 1152 2484 auctor
1167 2418 1247 2504 quin
1263 2416 1351 2484 idem
1367 2418 1413 2484 sit
1428 2422 1531 2504 atque

251 2520 306 2589 ille
338 2519 379 2588 de
410 2542 476 2608 quo
504 2521 634 2604 agimus
657 2520 693 2588 L.
717 2522 878 2588 Annaeus
902 2521 1069 2589 Cornutus
1092 2544 1161 2590 non
1184 2523 1312 2608 dubito,
1344 2545 1419 2592 cum
1442 2525 1531 2590 iudi-

250 2627 338 2692 cium
360 2627 407 2694 ibi
429 2627 684 2714 pronuntiatum
707 2628 830 2714 optime
854 2627 996 2714 quadret
1018 2629 1062 2695 ad
1079 2628 1174 2720 'illius
1197 2633 1346 2696 aetatem
1369 2633 1472 2718 atque
1488 2631 1531 2696 ad

250 2734 360 2820 ipsum
373 2732 414 2800 de
427 2754 491 2820 quo
503 2734 651 2821 loquitur
662 2732 887 2815 Quintilianus
899 2733 945 2800 IX
960 2737 982 2800 2
997 2735 1041 2802 67
1058 2756 1146 2822 seqq.
1163 2740 1293 2802 statum
1305 2736 1530 2821 scholarum,⁸)

250 2841 310 2906 ubi
343 2840 430 2908 tales
465 2841 711 2908 controuersiae
746 2842 1046 2927 pertractabantur.
1093 2842 1261 2910 Cornutus
1292 2845 1380 2910 enim
1409 2845 1529 2912 harum

252 2948 564 3031 controuersiarum,
590 2968 731 3034 quarum
746 2947 849 3014 nimio
866 2947 1042 3015 laborabat
1056 2953 1152 3016 aetas
1169 2950 1290 3034 studio,
1316 2972 1529 3038 oppugnasse

249 3053 461 3122 immodicum
491 3055 526 3120 in
557 3055 679 3122 scholis
709 3077 808 3121 usum
842 3076 884 3121 ex
913 3054 1155 3123 Ps-Rufiniani
1184 3057 1296 3124 uerbis
1326 3056 1531 3141 intellegitur

248 3162 353 3230 bisce:
381 3162 459 3230 ‘Sed
482 3163 555 3228 eius
577 3160 667 3229 modi
689 3162 828 3246 figurae,
856 3183 942 3248 quae
965 3162 1145 3230 iuuenilius
1168 3163 1226 3246 (sic
1241 3164 1263 3229 1
1280 3165 1313 3230 F.
1329 3163 1528 3249 Heusinger,

249 3270 339 3356 prob.
355 3269 447 3353 Iabn,
470 3269 613 3354 prolegg.
628 3270 718 3336 Pers.
734 3292 764 3356 p.
772 3269 858 3336 XIV:
880 3271 1054 3340 iuuenibus
1076 3271 1126 3337 ed.
1149 3272 1301 3357 princeps
1325 3270 1529 3338 Basileeusis

250 3399 279 3443 a.
303 3377 400 3460 1521,
423 3376 505 3444 Rob.
530 3375 732 3463 Stephanus
756 3375 865 3460 Halm)
889 3377 925 3442 in
956 3377 1071 3444 schola
1094 3377 1275 3444 lasciuiunt
1302 3381 1530 3460 (losaaiwatar

249 3482 299 3551 ed
323 3485 493 3572 princeps),
516 3486 556 3550 ut
578 3483 746 3550 Cornutus
769 3483 827 3567 ait,
851 3484 986 3550 minime
1010 3487 1162 3550 maturae
1186 3486 1244 3567 (sic
1268 3485 1442 3552 Pithoeus:
1466 3488 1528 3554 mi-

247 3593 356 3659 nimae
378 3599 518 3658 cataroe
541 3590 589 3657 ed.
613 3591 775 3677 princeps)
800 3593 881 3656 sunt
897 3593 932 3656 ct
946 3610 1063 3677 parum
1080 3592 1190 3657 causis
1207 3592 1264 3673 (sic
1287 3589 1423 3680 Mcilley
1439 3591 1528 3679 apud

249 3698 564 3785 Capperonnerium:
586 3700 700 3784 000010
722 3696 771 3763 ed.
788 3699 951 3784 princeps:
975 3700 1066 3765 00010
1087 3696 1259 3779 Pithoeus)
1282 3696 1421 3784 loroque
1444 3720 1527 3766 con-

248 3806 411 3872 ueniunt?
458 3805 512 3872 Sic
534 3805 622 3871 enim
646 3802 854 3870 restituenda
877 3824 951 3880 esse
974 3807 1056 3890 puto
1080 3803 1165 3871 haec
1192 3805 1297 3871 uerba
1325 3805 1397 3871 sine
1427 3804 1527 3872 dubio

356 3985 374 4053 ²)
393 3983 438 4038 Ad
458 3986 533 4038 huno
551 3982 717 4054 scriptorem
734 3981 858 4036 tortasse
870 3979 1017 4036 referenda
1035 3986 1102 4036 sunt
1121 3983 1251 4053 exempla
1263 3982 1433 4054 Vergiliana,
1455 4000 1528 4053 quae

250 4072 350 4128 laudat
366 4071 595 4127 Pa-Ruiinianus
614 4088 639 4142 p.
652 4069 809 4141 oa‚12seq.
829 4073 859 4124 et
877 4069 1031 4141 CQSseqq.

355 4161 375 4231 ¹)
395 4161 431 4218 cf.
451 4161 517 4216 edit.
536 4161 659 4216 Demetr.
677 4160 807 4215 adnotat.
826 4176 851 4231 p.
873 4159 962 4229 11819.
992 4159 1094 4230 Agitur
1111 4160 1188 4232 apud
1201 4163 1350 4233 auumque
1362 4159 1528 4232 scriptorem

250 4251 286 4306 de
303 4250 497 4322 euphemismo
509 4249 555 4306 uel
568 4250 608 4306 010
621 4248 784 4316 schematis,
796 4246 856 4320 ‘per
875 4265 948 4320 quae
966 4264 1011 4304 res
1029 4265 1144 4320 asperas
1161 4249 1274 4305 mollius
1286 4248 1467 4320 significant,
1486 4251 1528 4306 ita

248 4344 283 4396 ut
300 4339 348 4412 qui
367 4339 509 4395 Victorias
527 4355 628 4395 aureas
647 4338 766 4394 conflari
784 4338 868 4394 iussit
885 4338 923 4393 ad
940 4355 1023 4394 usum
1049 4339 1122 4403 belli,
1146 4339 1272 4395 uictoriis
1299 4338 1436 4396 utendum
1464 4355 1528 4395 esse
1581 4411 1583 4416 Ι

248 4429 350 4485 dixisse
369 4429 542 4483 exhibeatur.
1519 4491 1521 4497 y

355 4517 374 4587 ⁸)
394 4519 495 4572 Cetera
513 4517 676 4584 Quintiliani
702 4515 747 4572 ‘de
774 4533 907 4589 peruersa
933 4516 1094 4572 scholarum
1122 4517 1287 4573 condicione
1314 4516 1526 4573 rhetoricarum¹

247 4607 413 4662 testimonia
431 4605 545 4675 collegit
563 4607 596 4661 A.
615 4605 728 4670 Reuter‚
749 4606 783 4661 de
802 4604 967 4673 Quintiliani
986 4605 1057 4662 libro
1076 4606 1123 4678 qui
1141 4605 1198 4660 furt
1216 4605 1250 4660 de
1268 4607 1361 4661 causis
1379 4609 1527 4678 corruptae

249 4694 429 4768 eloquentiae
447 4693 565 4763 (dissert.
583 4693 772 4750 Vratislauiae
792 4693 868 4762 18871
887 4711 913 4766 p.
932 4693 968 4749 24
985 4711 1063 4766 seqq.
