3458 5100
254 531 374 600 Milesii
396 531 588 618 compilauit
612 531 893 618 onomatolcgum‚
918 532 1129 620 Stephanum
1152 533 1366 620 exscripsisse
1391 533 1536 600 sciamus

255 643 333 727 post
370 637 408 706 G.
435 638 614 706 Wentzelii
651 639 868 727 Hesychiana
912 639 946 706 in
992 639 1136 706 Hermae
1170 640 1236 707 uol.
1258 639 1397 706 XXXIII
1428 641 1535 724 (1898)

254 768 285 834 p.
301 745 464 833 29120qq.
488 745 563 813 309.
608 746 811 833 Itepugnant
839 767 915 813 cum
946 746 999 813 his
1031 746 1155 814 Suidae
1186 750 1221 814 et
1244 747 1408 834 Stephani
1438 749 1536 815 testi-

255 853 375 922 moniis
399 853 455 920 661
478 873 554 920 cum
584 853 648 920 hcc
670 852 830 941 Hesychii
852 853 1045 920 testimonio
1078 875 1119 920 66
1143 875 1229 940 queo
1252 855 1288 919 in
1311 853 1423 922 codice
1445 854 1535 921 Reh-

255 959 423 1045 digerano,
448 959 505 1046 qui
527 958 610 1026 liber
632 963 785 1048 praestat
807 961 895 1028 inter
916 959 1072 1048 Byzantii
1095 960 1233 1044 codices,
1264 960 1433 1048 adscripta
1455 965 1537 1027 sunt

255 1089 280 1134 s.
304 1089 335 1133 u.
363 1067 484 1139 Θέοιιςε
519 1087 561 1134 ex
591 1066 655 1134 hoc
687 1067 806 1154 oppido
839 1069 972 1154 propter
994 1066 1125 1154 Leptim
1156 1068 1221 1134 sito
1253 1067 1429 1134 oriundum
1461 1089 1536 1134 esse

255 1173 440 1242 cornutum
472 1173 559 1256 (uide
582 1194 613 1260 p.
629 1173 670 1256 4).
715 1173 768 1240 Ad
801 1173 886 1241 haec
916 1173 1069 1240 Meineke
1098 1175 1134 1239 in
1165 1174 1310 1241 editione
1339 1174 1535 1261 11616312

255 1279 355 1364 adal:
379 1279 458 1348 ‘Res
481 1280 556 1366 ipsa
578 1279 654 1367 plus
677 1301 779 1366 quarn
802 1280 915 1364 dubia,
940 1301 1016 1347 cum
1038 1280 1156 1367 reliqui
1180 1301 1306 1367 omneS,
1338 1284 1440 1369 atque
1464 1281 1535 1368 ipse

253 1387 338 1456 adeo
374 1385 567 1475 Stephanus
601 1408 626 1454 s.
651 1409 682 1454 u.
708 1389 826 1472 Τέργις,
862 1386 1045 1455 Cornutum
1079 1388 1295 1474 Leptitanum
1328 1388 1535 1475 perhibeant.

254 1495 330 1561 Non
360 1492 499 1562 dubium
530 1494 631 1578 igitur
665 1495 746 1581 quin
776 1493 860 1561 haec
891 1497 953 1561 aut
976 1495 1019 1561 ab
1049 1495 1201 1582 imperito
1232 1493 1418 1578 glossatore
1439 1493 1536 1560 illata

254 1603 333 1684 sint,
369 1603 431 1669 aut
465 1601 604 1688 scriptor
636 1600 673 1666 in
706 1601 867 1668 uitiosum
901 1601 1047 1668 codicem
1069 1601 1231 1686 inciderit,
1263 1601 1300 1666 in
1332 1622 1398 1688 quc
1426 1603 1535 1674 Θέοτις

256 1709 415 1794 scriptum
439 1710 512 1774 erat
534 1728 592 1795 pro
608 1709 743 1780 [1166ςὶ
790 1706 843 1773 Ad
865 1729 953 1794 quae
977 1728 1038 1791 ego
1061 1709 1125 1776 hoc
1148 1707 1283 1776 addam:
1308 1707 1403 1776 Gerte
1425 1709 1455 1774 is
1479 1711 1536 1796 qui
1605 1785 1608 1792 ⁴

253 1814 338 1881 haec
373 1814 505 1901 scripsit
542 1813 730 1900 exemplum
762 1813 871 1881 uoluit
907 1815 1051 1901 proferre
1078 1815 1228 1900 rationis,
1265 1837 1334 1903 qua
1367 1836 1410 1883 ex
1444 1816 1535 1882 urbis

254 1921 429 1990 ordusdam
453 1920 678 2008 appellatione
701 1941 824 1989 nomen
857 1921 1017 2008 populare
1052 1921 1232 2006 efficiatur,
1267 1922 1356 1989 idem
1388 1923 1534 2010 prolecto

254 2027 347 2094 ualet
370 2028 411 2094 (16
435 2027 598 2115 Stephani
621 2027 851 2094 additamento
876 2049 901 2094 6.
917 2050 948 2095 6.
967 2030 1075 2113 Τέργις
1098 2049 1199 2114 supra
1222 2029 1394 2115 exscripto.
1441 2029 1535 2111 Quae

254 2134 429 2203 adnotatio
460 2156 504 2202 ex
535 2135 652 2203 eodem
687 2135 855 2222 scriptoris
889 2135 1026 2202 oonsilio
1058 2136 1220 2219 manauit,
1254 2156 1319 2223 quo
1349 2140 1535 2203 commotus

254 2242 385 2332 Leptim
401 2242 518 2310 attulit
533 2242 628 2309 uelut
643 2242 833 2329 exemplum
849 2263 874 2308 6.
890 2264 921 2308 6
934 2243 1062 2316 Σάντιςε
1086 2294 1093 2308 .
1118 2294 1125 2308 .
1150 2294 1156 2308 .
1181 2245 1228 2315 ὡς
1250 2243 1366 2315 Λέπιις
1381 2245 1535 2327 Amatam

255 2352 289 2416 et
312 2371 337 2416 6.
352 2370 385 2415 u.
406 2350 554 2434 Ψένυριςε
578 2403 585 2416 .
610 2400 617 2414 .
641 2399 648 2414 .
672 2351 720 2422 ὥς
741 2350 896 2434 denotans
918 2350 1078 2422 Λέπιεως.
1113 2350 1230 2436 Neque
1245 2369 1326 2416 uero
1342 2349 1535 2436 scriptorem

253 2455 368 2542 fuisse,
394 2458 451 2542 qui
473 2477 509 2522 re
525 2476 606 2521 uera
623 2455 806 2522 cornutum
822 2455 939 2522 Thesti
961 2461 1081 2523 natum
1105 2476 1179 2522 esse
1195 2454 1376 2538 tradiderit,
1400 2477 1534 2542 prorsus

254 2583 376 2646 negare
408 2561 526 2646 ausim,
559 2582 635 2628 cum
666 2561 832 2648 quomodo
856 2583 881 2627 s.
897 2585 928 2628 ιι
956 2563 1066 2635 Θέσπις
1095 2563 1130 2627 16
1161 2561 1391 2630 additamento
1419 2561 1534 2650 Leptis

255 2669 415 2736 memoria
436 2668 633 2752 ingenuino
650 2666 761 2735 codice
778 2689 839 2734 suo
853 2667 926 2736 loco
939 2669 1115 2752 exstiterit,
1140 2672 1275 2755 propter
1289 2670 1535 2737 sententiarum

257 2797 422 2844 conexum
447 2774 504 2840 uix
526 2773 749 2859 intellegatur.
795 2775 882 2841 Nam
909 2775 1014 2841 uerba
1037 2779 1073 2840 ἐκ
1105 2777 1140 2841 δὲ
1161 2784 1216 2861 τῆς
1238 2777 1383 2862 Λιβυκῆς
1413 2777 1448 2841 16
1470 2776 1534 2843 hcc

254 2883 432 2950 uerborum
456 2883 617 2949 contextu
639 2902 708 2948 non
731 2881 796 2948 nisi
819 2882 861 2948 (16
884 2881 992 2948 altera
1014 2881 1131 2948 Thesti
1153 2882 1265 2949 aliena
1288 2884 1331 2951 ab
1355 2883 1475 2970 oppido
1498 2884 1534 2950 in

254 2990 405 3056 Arabum
435 2989 562 3058 finibus
598 2989 663 3056 sito
698 2988 802 3075 accipi
839 2991 990 3074 possunt
1048 2988 1141 3070 Quae
1171 2992 1285 3055 utrum
1322 2989 1535 3077 adscripserit

255 3096 449 3184 Stephanus
482 3097 554 3183 ipse
590 3096 693 3162 alium
728 3098 863 3164 secutus
902 3097 1073 3162 auctorem
1111 3099 1213 3183 etque
1244 3118 1269 3163 s.
1293 3119 1324 3163 6.
1350 3099 1458 3182 Τέργις
1489 3117 1533 3163 66

254 3203 417 3270 recentior
448 3202 583 3290 quidam
613 3203 851 3287 grammaticus
882 3201 938 3268 uel
968 3202 1186 3290 interpolator
1216 3201 1385 3270 diiudicari
1408 3204 1533 3291 nequit.

255 3311 348 3392 Quae
366 3330 448 3376 cum
469 3310 519 3377 ita
543 3310 620 3391 sint,
645 3308 689 3376 ad
711 3314 808 3377 tuum
831 3310 935 3395 ipsius
959 3308 1118 3376 iudicium
1140 3311 1208 3375 iam
1231 3309 1317 3376 redit
1339 3331 1406 3394 res3
1431 3331 1533 3397 quam

255 3420 294 3483 ut
316 3417 509 3483 certissimis
532 3416 739 3500 argumentis
763 3416 923 3502 expedias
939 3415 998 3481 uix
1020 3416 1094 3482 lieri
1116 3417 1247 3502 potent,
1273 3416 1338 3482 nisi
1360 3415 1447 3483 forte
1470 3417 1534 3483 hoc

254 3545 360 3590 unum
383 3526 533 3590 statuere
556 3523 678 3608 licebit,
709 3526 843 3610 propter
865 3521 999 3590 'lhostis
1027 3521 1118 3588 urbis
1142 3523 1350 3590 uicinitatem
1373 3523 1414 3590 de
1436 3523 1534 3609 Lepti

254 3651 388 3716 magne,
413 3630 442 3698 si
464 3629 595 3717 Leptim
625 3630 816 3716 accipimus,
847 3630 883 3695 in
913 3629 1047 3713 regione
1071 3627 1202 3714 Syrtica
1229 3631 1296 3696 sita
1319 3629 1534 3714 cogitandum

254 3759 338 3804 esse.
385 3736 508 3820 Quales
540 3738 654 3805 autem
684 3737 730 3802 ibi
759 3735 991 3802 habitauerint
1020 3738 1149 3821 gentes,
1182 3756 1224 3802 ex
1255 3735 1325 3806 Silii
1348 3735 1455 3803 Italici
1477 3759 1532 3803 uu.

255 3845 380 3912 111256
400 3847 493 3931 seq.¹)
525 3848 673 3930 apparet,
708 3843 907 3930 quibuscum
940 3841 1100 3927 conferas,
1140 3863 1227 3929 quae
1257 3842 1422 3910 adnotata
1452 3847 1534 3909 sunt

108 3988 113 3992 ·
254 3950 443 4034 616661(
468 3973 498 4038 p.
514 3949 581 4039 2l3.

343 4057 392 4124 De
415 4057 589 4124 familia
611 4055 794 4125 Cornuti
815 4055 863 4122 nil
884 4055 953 4122 iam
981 4057 1151 4138 cognitum
1181 4056 1354 4122 habemus
1400 4055 1532 4122 Etenim

255 4165 439 4233 Cornutum
460 4165 564 4250 illum,
589 4185 689 4250 quem
711 4163 866 4230 nominat
887 4162 993 4250 priore
1016 4160 1088 4229 loco
1112 4161 1233 4230 Suidas
1256 4184 1281 4229 s.
1298 4184 1328 4230 ιι
1348 4164 1533 4248 Κορνοῦτος

254 4272 468 4339 historiarum
491 4274 671 4354 auctorem,
688 4273 805 4357 utpote
821 4270 880 4357 qui
895 4272 989 4342 ἅπαις
1005 4269 1144 4350 dicatur,
1160 4273 1290 4356 patrem
1305 4268 1410 4336 luisse
1425 4269 1532 4355 philo·

255 4379 351 4466 sophi
374 4386 491 4445 contra
515 4379 604 4444 uiros
628 4378 744 4445 doctos
768 4377 809 4444 de
832 4376 967 4442 Martini
989 4376 1009 4442 l.
1034 4397 1058 4442 s.
1081 4396 1112 4461 p.
1129 4374 1172 4441 24
1195 4398 1256 4442 666
1284 4377 1354 4443 iure
1382 4378 1532 4463 negauit3

254 4545 466 4558 ⁴-.-.--.....

362 4633 380 4700 ¹)
400 4630 608 4686 Commemorat
631 4633 718 4700 poeta
737 4627 865 4700 ‘'Iyrium
891 4625 1000 4699 uulgus‘
1033 4631 1120 4699 atque
1133 4624 1305 4682 ‘'Innocncs
1323 4626 1439 4680 colonos
1457 4623 1533 4678 AlrIs

254 4717 432 4794 permixtos';
452 4719 563 4790 Leptim
582 4719 712 4774 nominet
726 4716 911 4783 Serranam,
930 4717 949 4774 i.
962 4734 987 4774 6.
1000 4717 1114 4790 Tyriam
1133 4715 1178 4770 uel
1195 4713 1385 4770 phoeniciam.
