3458 5100
727 281 950 349 -27-

199 460 375 527 Consentit
398 461 486 528 enim
509 460 675 527 Cornutus
699 459 944 547 quodammodo
969 481 1043 526 oum
1060 458 1264 544 Panaetio,¹)
1291 460 1348 547 qui
1370 479 1479 546 neque

200 566 421 634 immortalem
436 588 499 634 neo
514 566 699 634 durabilem
714 566 875 632 exsistere
891 565 1040 632 animaru
1055 566 1282 634 arbitrabatur
1297 566 1481 633 secundum

197 674 366 742 Ciceronis
395 678 492 743 Tusc.
522 672 604 760 disp.
620 674 694 740 132
725 671 756 761 (ξ
775 672 840 756 79),
870 673 935 741 hac
964 694 1048 740 usus
1079 673 1217 757 ratione,
1250 676 1290 739 ut
1320 671 1481 760 quidquid

200 784 320 848 natum
342 781 388 848 sit
411 781 555 863 interire,
579 801 690 869 neque
709 779 753 863 id,
777 778 867 868 quod
882 800 1020 864 aegrum
1035 801 1110 846 esse
1134 780 1250 866 possit,
1275 779 1319 845 ab
1343 779 1481 846 interitu

200 888 342 955 liberum
364 909 439 954 esse
463 887 600 971 diceret,
622 886 686 954 hoc
708 889 825 954 autem
847 885 960 954 ualere
985 885 1025 954 de
1049 887 1163 953 anima
1179 887 1331 953 asseruit.
1365 886 1482 953 Altera

200 997 372 1082 exparte,
396 995 427 1061 si
449 996 562 1062 anima
584 1015 655 1062 una
677 1014 753 1059 cum
776 1014 910 1081 corpore
933 993 1039 1081 perire
1059 992 1188 1077 dicitur,
1212 993 1297 1060 ratio
1314 993 1481 1081 quaedam

200 1101 377 1169 intercedit
398 1102 486 1169 inter
507 1103 697 1188 utrumque,
720 1121 797 1167 eum
819 1099 909 1166 idem
932 1101 1105 1187 patiantur
1125 1103 1159 1168 et
1174 1100 1289 1167 anima
1304 1103 1339 1167 et
1354 1121 1482 1188 corpus.

198 1207 317 1274 'Palem
347 1228 426 1275 uero
457 1209 625 1275 rationem
651 1206 820 1292 significat
842 1206 943 1274 schol.
967 1206 1112 1274 boidin
1136 1206 1232 1274 Hom.
1255 1206 1346 1274 Iliad.
1369 1209 1400 1272 A
1417 1208 1481 1274 115

200 1347 246 1370 =
266 1313 365 1381 Stoic.
393 1313 454 1399 hg.
469 1315 513 1381 111
539 1336 570 1402 p.
586 1315 650 1380 251
679 1315 797 1381 nobb
832 1314 944 1380 uerbis
980 1313 1083 1381 hisce:
1126 1323 1218 1381 τοῦτο
1253 1318 1376 1400 ἐκίνησε
1409 1316 1483 1386 τοὺς

198 1423 368 1494 Στωϊκοὺς
389 1423 444 1488 καὶ
462 1422 661 1506 Ἀντίπατρον
677 1424 711 1486 ἒν
725 1430 773 1506 τῷ
787 1423 859 1506 περὶ
873 1428 982 1506 ψυχῆς
1002 1423 1141 1507 δευτέρῳ
1156 1424 1254 1506 λέγειν
1269 1424 1316 1488 ὅτι
1332 1424 1482 1497 συναύξε-

199 1553 251 1593 ται
272 1537 318 1612 τῷ
352 1531 475 1614 σώματι
497 1531 517 1613 ἡ
542 1529 629 1613 ψυχὴ
663 1529 716 1594 καὶ
750 1530 843 1594 πάλιν
878 1535 1093 1613 συμμειοῢται.
1152 1530 1257 1611 Quam
1294 1528 1483 1617 opinionem

199 1635 369 1722 expressis
392 1634 504 1702 uerbis
524 1635 645 1702 Stoicis
667 1634 818 1702 uindicat
841 1634 1032 1702 scholiasta
1067 1635 1141 1717 Qua
1164 1657 1206 1702 ex
1228 1655 1338 1702 rerum
1360 1638 1484 1702 natura

202 1763 262 1829 per
284 1763 321 1808 se
344 1742 493 1810 maxima
515 1740 804 1810 uerisimilitudine
828 1743 980 1829 sequitur
1006 1745 1046 1808 ut
1076 1743 1199 1827 anima,
1231 1763 1318 1831 quae
1350 1762 1482 1829 corpore

203 1850 282 1916 uiuo
305 1850 430 1936 pariter
453 1852 595 1934 augetur
618 1851 652 1916 et
674 1837 844 1934 minuitur,
870 1849 988 1916 eadem
1010 1848 1148 1916 fortuna
1170 1853 1287 1917 utatur
1307 1870 1384 1917 oum
1397 1849 1484 1936 parit

204 1976 336 2043 corpus3
368 1956 457 2043 quod
491 1955 581 2023 idem
614 1955 690 2023 uult
724 1960 827 2043 atque
852 1956 989 2023 Stobaei
1011 1960 1031 2041 ἡ
1054 1960 1144 2043 ψυχὴ
1177 1965 1405 2041 συναναιρεῖται
1438 1963 1484 2040 τῷ

200 2067 334 2149 σώματι.
381 2064 530 2146 Quocum
562 2084 732 2152 compares
763 2064 864 2132 uelim
895 2064 1049 2132 Seruium
1083 2065 1127 2131 ad
1149 2063 1245 2148 Verg.
1268 2064 1351 2131 Aen.
1372 2063 1483 2129 moa:

203 2171 330 2238 ‘anima
353 2192 456 2258 quam
479 2171 581 2239 Stoici
603 2171 821 2256 herciscundi,
845 2170 880 2237 id
903 2176 957 2239 est
988 2171 1134 2238 medium
1163 2169 1270 2237 secuti
1294 2171 1375 2258 (soil.
1398 2171 1486 2236 inter

204 2278 380 2346 Platonem
403 2280 438 2345 et
456 2279 694 2366 Pythagoram)
716 2282 788 2346 tam
811 2278 869 2345 diu
892 2278 1011 2345 durare
1034 2278 1158 2360 dicunt,
1182 2297 1281 2363 quam
1306 2276 1363 2343 diu
1385 2276 1485 2343 durat

202 2389 241 2452 ot
257 2390 395 2472 corpus?
436 2384 530 2466 Quod
545 2387 596 2452 ita
612 2385 769 2472 explicari
784 2385 894 2470 debet,
917 2389 957 2453 ut
980 2387 1094 2452 anima
1108 2387 1186 2471 post
1200 2384 1317 2451 mortis
1332 2403 1484 2451 momen-

204 2495 278 2558 tum
312 2490 518 2580 aliquamdiu
551 2497 735 2577 remaneat,
770 2492 882 2581 quoad
912 2514 1046 2579 prorsus
1082 2491 1313 2558 dissoluuntur
1343 2491 1485 2578 corporis

203 2601 327 2686 partes.
373 2598 530 2666 Similiter
552 2602 667 2667 autem
683 2600 850 2667 Cornutus
874 2601 1018 2687 corporis
1042 2602 1076 2666 et
1099 2599 1233 2666 animae
1255 2599 1428 2665 interitum
1450 2599 1486 2663 in

204 2725 310 2774 unum
342 2709 477 2793 tempus
500 2706 644 2775 incidere
668 2707 799 2792 statuit,
823 2707 874 2774 ita
895 2710 1021 2792 tamen,
1045 2709 1085 2773 ut
1108 2704 1151 2773 ad
1166 2705 1275 2792 ipsam
1291 2706 1434 2791 corporis
1450 2706 1485 2771 in

201 2811 373 2879 elementa
396 2812 649 2880 dissolutionem
672 2834 740 2880 non
759 2813 948 2900 respiceret,
973 2813 1032 2882 sed
1056 2811 1171 2880 eodem
1195 2811 1257 2897 die,
1283 2832 1348 2899 quo
1371 2811 1485 2898 prohi-

203 2919 304 2986 betur
326 2919 445 3007 spiritu
468 2941 595 3006 corpus,
618 2921 766 2988 animam
790 2920 936 2988 occidere
960 2923 1118 2988 censeret.

504 3169 544 3253 c.
573 3168 745 3253 cornuti
773 3171 825 3252 de
853 3170 1042 3272 Vergilio
1070 3170 1191 3253 liber.

311 3328 405 3396 Haec
428 3328 468 3396 de
490 3329 686 3413 fragmentis
707 3329 844 3397 Cornuti
866 3350 953 3418 quae
977 3328 1020 3396 ad
1042 3328 1287 3417 philosophiam
1309 3328 1486 3416 pertinent.

204 3435 355 3503 Reddam
378 3456 477 3522 nunc,
502 3437 591 3522 quod
614 3437 758 3503 alterum
781 3458 855 3504 esse
877 3435 1049 3524 professus
1066 3457 1142 3503 sum
1158 3457 1264 3521 genus
1280 3437 1486 3523 scriptorum,

206 3541 248 3609 de
272 3541 506 3630 opusculorum
529 3542 686 3630 reliquiis,
711 3543 831 3630 quibus
854 3543 1062 3628 grammatici
1085 3564 1208 3610 munus
1231 3543 1400 3630 praestitit
1421 3541 1486 3608 ille.

202 3648 354 3730 ¹Quarum
376 3649 411 3714 in
426 3671 564 3716 numero
580 3649 691 3717 locum
706 3672 789 3717 sane
804 3652 1020 3738 praecipuum
1035 3651 1191 3718 obtinent
1206 3671 1293 3737 quae
1307 3648 1487 3717 traduntur

206 3754 248 3822 de
283 3755 372 3822 illius
407 3758 522 3823 curis
545 3756 834 3842 VergilianiS,
874 3779 958 3845 quas
994 3778 1191 3842 cognoscere
1214 3757 1292 3824 licet
1316 3776 1358 3821 ex
1381 3753 1488 3821 Seruii

207 3863 470 3945 commentaria,
504 3863 653 3931 Danielis
695 3885 793 3952 quem
839 3863 955 3931 dicunt
996 3864 1198 3932 scholiastae
1236 3861 1486 3938 additamentis

203 3969 341 4036 scholiis
363 3969 624 4054 Veronensibus,
661 3992 704 4038 ex
735 3969 850 4057 Gellio,
885 3971 1061 4057 Macrobio,
1098 3970 1253 4038 charisio.
1310 3970 1421 4056 Atque
1452 3970 1488 4035 in

206 4076 403 4144 uniuersum
432 4077 516 4143 haec
550 4077 664 4145 studia
693 4078 881 4163 significare
912 4077 1047 4145 uidetur
1076 4077 1286 4161 Augustinus
1317 4076 1358 4144 de
1388 4077 1487 4144 utilit.

209 4182 362 4250 credendi
380 4183 421 4250 17
437 4215 480 4240 =
502 4205 533 4270 p.
550 4185 656 4270 21,2o
679 4184 827 4273 zychaq
850 4185 958 4252 hisce:
983 4188 1109 4272 ‘Aspeq
1134 4184 1309 4270 Cornutus,
1333 4184 1488 4251 Donatus

205 4292 246 4357 et
267 4289 324 4356 alii
345 4290 605 4358 innumerabiles
628 4293 849 4380 requiruntur,
873 4295 913 4358 ut
936 4291 1076 4379 quilibet
1090 4293 1192 4378 poeta
1205 4292 1313 4378 possit
1328 4291 1487 4376 intellegi,

315 4469 335 4538 ¹)
354 4467 391 4524 oi.
411 4469 499 4524 Zeller
516 4468 534 4523 l.
547 4485 569 4524 s.
588 4485 615 4540 p.
630 4469 692 4525 563.
728 4470 762 4526 Α.
781 4469 938 4537 Schmokel,
965 4469 1010 4524 die
1035 4468 1216 4541 Philosophia
1242 4469 1291 4524 der
1315 4469 1398 4526 mittl.
1418 4468 1489 4523 Stoa

207 4555 310 4613 nur.
328 4557 493 4628 geschichtl.
513 4557 595 4629 mog.
615 4541 810 4630 (seruatam)
829 4557 931 4630 puer.
1340 4549 1344 4554 '

315 4647 336 4717 ²)
356 4646 437 4719 corp.
456 4648 553 4719 script.
572 4641 671 4703 aceles.
689 4648 738 4702 iat.
757 4649 813 4703 uol.
832 4648 909 4702 XXV
927 4650 997 4703 sect.
1009 4648 1047 4702 Vl
1065 4664 1092 4719 p.
1105 4648 1126 4703 I.
