3458 5100
763 306 893 375 ...74
938 345 982 354 ..

231 507 372 573 eumque
405 489 541 553 secutus
574 485 610 550 L.
632 484 771 567 Lerseh,
803 485 883 554 nab.
906 483 1075 551 Planciad.
1098 483 1249 568 Fulgent.
1274 484 1314 551 de
1346 485 1511 552 abstrusis

230 614 369 662 sermon.
394 591 657 674 (Bonna01844l
680 612 710 678 p.
725 591 778 660 48.
803 591 847 659 87
853 614 860 676 ;
884 590 1082 677 quibuscum
1098 592 1267 658 consentit
1289 590 1324 658 P.
1339 590 1510 674 Wessner‚

231 700 450 768 Commentat.
472 697 586 786 philol.
610 697 769 765 lonenses
792 697 839 764 VI
861 697 969 782 11899)
993 719 1023 785 p.
1043 697 1115 766 137.
1160 697 1277 784 Neque
1306 698 1413 782 magis
1443 697 1512 764 fide

232 806 369 891 dignum
393 827 469 872 esse
483 808 566 893 puto
589 803 634 889 id,
659 803 747 891 quod
760 804 885 889 legitur
900 803 990 892 apud
1013 804 1208 892 scriptorem
1223 805 1316 872 uitae
1331 805 1512 871 Persianae

230 912 303 984 loco
325 911 419 979 haud
449 911 550 980 dubie
572 914 726 1000 corrupto
751 910 791 978 de
815 909 962 979 Cornuto
988 911 1116 995 tragico
1139 914 1241 998 poeta
1264 915 1303 998 (p.
1320 911 1423 996 58,21
1448 911 1512 994 B.):

233 1023 324 1086 ‘nam
348 1019 514 1086 Cornutus
537 1016 594 1085 illo
625 1021 775 1106 tempore
799 1019 972 1106 trophaeo
995 1018 1074 1102 fuit,
1107 1021 1220 1085 sectae
1245 1020 1423 1104 pectinant
1456 1019 1514 1103 qui

231 1125 331 1194 libros
369 1124 600 1212 philosophiae
638 1125 792 1212 reliquit'.
832 1120 947 1206 'Quae
992 1126 1097 1192 uerba
1133 1124 1342 1192 incommodo
1380 1125 1451 1191 loco
1492 1146 1514 1191 a

234 1233 415 1320 posteriore
431 1232 577 1319 quodam
592 1231 727 1298 homine
743 1230 845 1299 sciolo
860 1231 1037 1299 interiecta
1046 1233 1069 1315 ⁸)
1092 1230 1184 1298 haud
1200 1232 1267 1298 scio
1284 1251 1330 1298 an
1344 1230 1513 1298 neminem

231 1341 402 1424 moueant,
426 1341 465 1405 ut
479 1339 643 1423 hagiam
663 1337 770 1405 fuisse
786 1337 970 1406 cornutum
984 1341 1083 1425 putet
1098 1359 1174 1405 oum
1190 1336 1376 1425 Welckero,
1393 1338 1513 1422 griech.

231 1446 327 1530 Prag.
341 1445 386 1511 ῙΠ
399 1468 432 1534 p.
448 1444 533 1512 1456
545 1465 614 1532 seq.
629 1447 665 1511 et
679 1443 796 1511 Iahnio
819 1445 840 1511 l.
858 1466 883 1512 s.
899 1467 929 1533 p.
941 1444 1109 1532 XXlIseq.
1131 1444 1218 1512 Nam
1233 1448 1273 1512 ut
1287 1466 1345 1532 per
1360 1465 1397 1511 se
1413 1442 1513 1510 ualde

233 1552 419 1641 suspiciosa
442 1555 495 1619 est
526 1553 710 1618 auctoritas
741 1552 850 1618 unius·
864 1552 965 1619 huius
989 1552 1175 1619 testimonii
1196 1555 1329 1639 propter
1351 1551 1514 1618 incertam

231 1659 418 1744 lectionem,
448 1679 487 1726 eo
511 1657 619 1742 magis
642 1657 684 1724 de
707 1657 775 1726 fide
799 1657 969 1726 dubitabit
992 1659 1180 1746 quicunque
1203 1679 1305 1746 quam
1335 1679 1437 1745 saepe
1460 1679 1514 1724 res

231 1766 457 1855 ineptissimas
479 1765 593 1832 nescio
624 1765 714 1832 uude
738 1765 881 1832 haustas
912 1765 968 1832 uel
1001 1767 1209 1851 excogitatas
1232 1767 1513 1831 commentatores

232 1872 432 1962 posteriores
454 1871 654 1960 protulerint
677 1872 945 1939 considerauerit.

337 1979 517 2046 Praeterea
539 1978 661 2046 iniuria
684 1979 883 2046 adscribitur
898 1978 1045 2046 Oomuto
1060 1978 1196 2046 Ioannis
1211 1976 1296 2066 Lydi
1319 1976 1360 2045 de
1377 1979 1514 2044 cometis

232 2085 519 2175 disputatiuncula
542 2089 597 2169 (=
620 2084 660 2152 de
685 2088 807 2153 ostent.
831 2084 1321 2174 eap.10-15bp.45,21W.)
1344 2085 1379 2150 in
1403 2082 1514 2151 codiee

232 2193 457 2266 Laurentiano
469 2193 552 2280 plut
564 2193 608 2259 58
623 2214 678 2261 no.
692 2193 742 2270 13.
757 2213 846 2260 anno
862 2192 946 2259 1491
960 2193 1003 2260 ab
1015 2192 1141 2260 Ioanne
1152 2192 1266 2259 Rheso
1279 2192 1411 2279 scripto,
1423 2190 1515 2257 hisce

236 2300 487 2388 subscriptionis
503 2300 629 2367 uerbis:
644 2303 663 2368 ‘.
674 2351 681 2368 .
694 2350 701 2367 .
714 2303 958 2386 φρουνούτου
981 2303 1067 2386 περὶ
1088 2302 1178 2366 θεῶν
1193 2301 1247 2365 καὶ
1262 2305 1481 2384 κομητῶν..
1495 2301 1514 2360 .’

232 2405 328 2490 Quod
349 2407 428 2474 inde
450 2407 578 2474 fuctum
601 2428 676 2474 esse
701 2406 790 2494 quod
812 2409 1068 2493 ‘ppocvoa'rov
1092 2410 1129 2473 ἐκ
1151 2413 1216 2472 τῶν
1238 2407 1514 2490 παραδεδομένων

231 2515 389 2600 ἐκδρομὴ
420 2515 501 2579 κατὰ
531 2515 588 2599 τὴν
621 2515 787 2600 ἑλληνικὴν
817 2516 972 2600 demptus?
995 2513 1015 2579 i.
1032 2536 1059 2580 e.
1081 2513 1218 2581 Gomuti
1244 2510 1332 2598 quod
1356 2514 1451 2578 extat
1475 2509 1515 2576 de

236 2619 404 2705 theologia
419 2641 540 2703 graeca
555 2619 787 2708 compendium
810 2619 988 2707 praecedit,
1013 2619 1046 2688 6.
1061 2617 1295 2701 Wachsmutb,
1311 2617 1454 2705 prolegg.
1472 2616 1517 2684 ad

232 2725 379 2814 Lydda
410 2728 531 2793 ostent.
555 2748 586 2813 p.
601 2725 679 2792 XVI
707 2726 783 2793 adn.
800 2726 840 2792 11
874 2726 1015 2793 edocuit.
1062 2725 1159 2793 Vnde
1191 2745 1270 2791 uero
1301 2723 1515 2791 constituerit

232 2832 371 2899 Cornuti
408 2829 461 2898 ‘de
499 2831 608 2898 ltalia'
646 2830 767 2899 librum
802 2830 840 2899 G.
856 2832 1111 2916 Laemmerhirt,
1148 2831 1368 2899 commentat.
1402 2830 1514 2918 philol.

234 2940 361 3009 lenens.
381 2937 427 3004 IV
459 2938 568 3022 (1890)
602 2960 633 3026 p.
658 2937 723 3004 383
758 2937 834 3006 adn.
869 2958 938 3005 uon
970 2938 1094 3006 inueni.
1149 2938 1265 3026 Neque
1299 2937 1515 3026 probabiliter

232 3044 415 3113 coniciendi
438 3065 559 3112 ansam
581 3043 787 3132 reliquerunt
817 3065 903 3132 quae
926 3044 961 3113 L.
977 3044 1121 3112 Ioannes
1145 3046 1275 3133 Sccppa
1298 3043 1434 3129 (collect
1451 3045 1514 3110 o.2

235 3153 271 3219 in
294 3150 423 3219 Gruter.
439 3150 597 3239 Lampad.
613 3151 720 3236 1895)
744 3151 891 3240 scripsit:
914 3152 1093 3219 ‘Gomutus
1116 3151 1334 3241 philosophus
1357 3151 1399 3218 de
1422 3150 1514 3216 urbis

234 3258 361 3330 Romae
384 3258 588 3345 antiquitate
619 3259 663 3326 ad
685 3258 922 3326 Palaemonem
953 3260 1238 3342 grammaticum.
1263 3309 1269 3324 .
1294 3263 1322 3341 .’,
1356 3258 1515 3345 quoniam

232 3385 320 3452 quae
352 3365 397 3432 sit
425 3363 512 3432 fides
542 3364 700 3432 habenda
728 3366 782 3433 his
804 3365 918 3432 uerbis
945 3369 1023 3453 post
1045 3366 1199 3432 Iahnium
1222 3364 1241 3431 l.
1258 3387 1283 3432 s.
1306 3388 1337 3452 p.
1352 3364 1415 3430 XX
1438 3364 1514 3430 adn.

236 3473 292 3540 uel
313 3471 459 3540 maxime
476 3471 601 3539 dubito.
646 3472 832 3558 Postremo,
856 3475 895 3539 ut
911 3472 1066 3539 omittam
1082 3470 1225 3539 disticha
1248 3493 1335 3558 quae
1350 3475 1515 3538 uocantur

232 3581 372 3648 Cornuti
380 3581 403 3664 ⁴)
434 3579 571 3645 minime
601 3579 668 3646 huc
698 3580 914 3667 pertinentia,
946 3571 1073 3646 scholia
1105 3600 1191 3665 quae
1216 3577 1352 3646 Cornuti
1380 3577 1514 3645 nomine

343 3775 362 3845 ¹)
378 3774 576 3845 grammaticus
595 3773 718 3830 coniecit
736 3775 770 3829 de
789 3774 903 3829 Martini
922 3773 939 3830 l.
959 3791 981 3831 s.
999 3790 1027 3846 p.
1040 3773 1093 3830 50:
1129 3775 1323 3846 grammaticus
1341 3773 1387 3827 uel
1405 3772 1515 3828 citieus

234 3862 346 3931 Proller,
367 3862 923 3920 Zeitsehr.i.Altsrt.-Wissenseh.1846
940 3863 1018 3920 no.6
1034 3880 1062 3935 p.
1075 3863 1125 3918 43:
1153 3868 1269 3934 tempore
1287 3862 1391 3933 tropico
1410 3862 1513 3925 Osann,

237 3951 374 4022 Philolog.
388 3952 414 4007 11
433 3951 521 4025 (1847)
541 3970 567 4024 p.
580 3951 642 4008 384.

343 4041 362 4110 ¹)
381 4041 479 4099 stoicae
496 4045 573 4096 recte
592 4040 754 4096 emendauit
771 4039 917 4098 Pithoeus.
944 4041 1048 4096 'Potum
1060 4040 1154 4096 locum
1166 4041 1209 4096 ita
1226 4039 1374 4112 proposuit
1392 4039 1515 4094 scriben-

236 4130 302 4185 dum
321 4129 353 4184 G.
371 4130 520 4200 Nemethy,
550 4129 616 4185 edit.
635 4128 814 4201 precipit:
843 4127 918 4185 ‘nam
937 4130 1061 4185 Cornuto
1088 4129 1137 4185 illo
1165 4134 1292 4200 tempore
1310 4128 1433 4184 traditus
1458 4126 1516 4182 fuit
1611 4199 1614 4206 Ι

233 4221 284 4286 isc.
296 4217 427 4289 Persius),
447 4223 543 4274 sectae
557 4218 671 4275 Stoicae
689 4218 869 4290 philosopho,
888 4219 933 4273 cui
950 4217 1035 4274 libros
1047 4216 1182 4290 reliquit';
1202 4235 1275 4289 quae
1287 4216 1371 4273 ualde
1380 4217 1515 4272 recedunt

236 4325 255 4363 a
272 4307 429 4362 litterarum
447 4307 585 4377 uestigiis.

343 4396 364 4466 ⁸)
382 4396 419 4452 cl.
444 4396 497 4453 rh.
524 4397 631 4466 Bergk,
663 4397 797 4453 Zeitschr.
826 4396 846 4453 l.
870 4396 1247 4453 Altert-Wissensoh.1845
1277 4413 1323 4451 no.
1342 4396 1377 4450 16
1407 4412 1434 4466 p.
1455 4394 1506 4450 125

236 4485 368 4544 Heinrich
386 4487 405 4544 l.
418 4502 440 4542 s.
459 4501 487 4557 p.
500 4486 536 4540 46
554 4487 619 4542 adn.
631 4486 657 4542 8.
695 4485 839 4541 Hermann
856 4487 875 4541 l.
888 4502 911 4540 s.
929 4485 1018 4556 prael.
1037 4502 1064 4557 p.
1078 4486 1115 4540 Vl
1124 4502 1182 4558 seq.

342 4575 362 4646 ⁴)
382 4576 426 4633 ed.
444 4575 477 4630 fl.
491 4573 577 4640 hiebl,
597 4574 642 4629 die
660 4574 791 4630 Disticha
810 4574 934 4640 Cornuti,
954 4574 1028 4630 auoh
1048 4574 1188 4630 Cornutus
1207 4573 1274 4630 oder
1292 4573 1445 4644 Distigium
1465 4573 1514 4626 des

239 4663 279 4719 lo.
296 4681 324 4719 v.
343 4663 497 4720 Gerlandia
514 4664 649 4733 genennt,
671 4662 728 4717 und
747 4663 796 4718 der
808 4662 952 4719 Scholiast
964 4663 1112 4720 Cornutus.
1137 4664 1243 4734 (Progr.
1262 4661 1507 4732 Straubing1888)
