3458 5100
761 338 984 404 ,50-

233 541 374 606 quarum
405 518 522 585 attulit
551 518 689 584 nomina
713 517 848 584 Graeca.
895 517 944 581 Ao
973 535 1113 580 reuera
1141 513 1181 580 de
1213 513 1261 579 eis
1292 512 1408 596 figuris
1432 532 1511 577 sen-

233 627 421 708 tentiarum,
446 646 530 712 quas
553 623 694 691 caecilio
719 622 938 689 uindicandas
962 621 1228 704 aestimauimus,
1261 618 1393 686 etiamsi
1423 618 1514 684 illius

199 712 204 728 ¹
232 754 357 800 nomen
387 732 547 800 omissum
578 734 630 798 cst
668 752 690 797 a
726 728 941 812 Quintiliano,
981 728 1070 795 hanc
1100 727 1212 794 ualere
1242 725 1512 793 obseruationem

232 841 301 906 iam
323 839 506 926 apparebit
545 838 599 905 Sic
614 836 705 903 haud
721 835 877 920 ambigue
892 834 981 901 illius
995 834 1137 901 rhetoris
1153 833 1336 900 auotoritas
1360 834 1515 899 seruatur

234 969 256 1014 a
277 947 381 1014 Fabio
404 945 440 1011 in
470 948 708 1017 ὑπατνπώαεως
731 943 965 1030 descriptione,
997 963 1084 1028 quae
1115 940 1235 1024 legitur
1257 940 1303 1006 IX
1318 941 1349 1025 2,
1362 926 1410 1005 '40
1422 961 1514 1026 seqq.

233 1053 422 1121 Caeciliana
453 1053 541 1119 certe
572 1053 654 1118 sunt
684 1073 770 1138 quae
805 1049 859 1116 hic
888 1048 1081 1131 traduntur,
1116 1047 1196 1115 licet
1228 1047 1328 1114 ceteri
1361 1047 1513 1114 rhetores

231 1161 366 1227 nomine
388 1159 562 1246 paululum
584 1161 717 1225 mutato
742 1160 934 1223 διατύπωσιν
949 1154 1119 1244 appellent
1141 1154 1229 1222 hanc
1251 1154 1403 1238 figuram.
1441 1154 1511 1240 Ap-

232 1268 361 1334 tissime
385 1267 474 1334 enim
496 1266 584 1332 inter
607 1286 681 1332 sese
706 1264 885 1332 cohaerent
908 1262 1104 1344 Quintiliani
1126 1265 1162 1328 et
1185 1261 1306 1327 Tiberii
1328 1264 1370 1348 (p.
1385 1260 1438 1344 79,
1456 1261 1512 1346 15)

231 1373 295 1440 hoc
318 1373 359 1440 de
383 1393 503 1458 genere
526 1371 781 1459 disputationes,
811 1391 876 1456 quo
900 1369 1029 1438 accedit
1051 1367 1152 1436 schol.
1176 1367 1347 1434 Demosth.
1371 1366 1414 1434 ad
1435 1366 1514 1434 Mid.

233 1501 276 1547 or.
307 1502 337 1567 p.
354 1480 419 1547 573
450 1478 546 1546 Diod.
593 1479 685 1560 Quae
715 1477 821 1544 uerba
850 1497 919 1543 non
942 1475 1116 1564 adscripsi,
1148 1474 1227 1563 quia
1258 1475 1447 1542 accuratius
1478 1477 1514 1540 et

232 1586 398 1674 copiosius
421 1586 509 1654 hanc
531 1606 601 1652 rem
624 1584 876 1672 explicauerunt
897 1584 961 1650 uiri
985 1584 1106 1666 docti.1)
1142 1583 1292 1648 Firmant
1313 1603 1394 1648 uero
1417 1602 1513 1669 prae-

232 1699 326 1761 terea
348 1693 437 1760 hano
459 1693 649 1780 opinionem
673 1712 713 1758 ea
737 1712 823 1778 quae
846 1691 984 1772 protulit
1005 1690 1177 1774 Longinus
1201 1689 1242 1756 de
1265 1688 1394 1755 sublim.
1419 1710 1445 1755 c.
1469 1688 1514 1754 25

233 1805 273 1888 (p.
284 1799 338 1883 48,
349 1801 389 1866 11
407 1798 488 1867 I.-V.
505 1830 549 1856 =
564 1820 595 1886 p.
606 1799 679 1883 146,
689 1799 732 1865 22
749 1797 888 1884 Sp.-H.):
913 1801 988 1864 ὅταν
1004 1823 1038 1882 γε
1057 1799 1123 1882 μὴν
1138 1798 1175 1862 τοὶ
1191 1798 1433 1881 παρεληλυθότα
1448 1803 1515 1868 τοῖς

232 1909 360 1993 χρόνοις
391 1909 517 1991 εἰσάγῃς
549 1909 596 1979 ὡς
626 1908 775 1990 γινόμενα
806 1907 858 1970 καὶ
890 1907 1048 1990 παρόντα,
1083 1907 1126 1970 οὗ
1158 1905 1332 1989 διήγησιν
1366 1906 1416 1967 ἔτι
1449 1903 1516 1968 τὸν

231 2017 357 2098 λόγον,
393 2016 468 2078 ἀλλ’
500 2015 708 2097 ἐναγώνιον
738 2019 892 2097 πρᾶγμα
922 2014 1101 2096 ποιήσεις.
1155 2010 1249 2091 Quae
1280 2008 1330 2075 ita
1361 2009 1514 2096 exprimit

232 2119 457 2202 Quintilianus
472 2119 531 2208 (IX
545 2121 577 2204 2,
593 2119 660 2201 435:
684 2119 799 2186 ‘habet
818 2119 902 2185 haec
916 2118 1027 2202 figura
1049 2116 1106 2204 (so.
1121 2116 1297 2184 translatio
1313 2118 1515 2203 temporum)

232 2227 447 2294 manifestius
471 2226 611 2314 aliquid:
641 2248 725 2293 non
753 2226 864 2293 enim
892 2226 1065 2292 narrari
1091 2245 1172 2308 res,
1204 2221 1278 2290 sed
1301 2223 1371 2307 agi
1393 2221 1513 2288 uide-

232 2339 320 2401 tur?
367 2338 479 2422 Atque
510 2335 610 2421 paulo
642 2337 722 2401 ante
752 2335 824 2420 ipse
848 2332 972 2399 Fabius
1000 2333 1050 2398 ita
1072 2331 1203 2397 disserit
1226 2329 1322 2419 §40:
1353 2329 1408 2396 ‘ab
1440 2329 1515 2396 aliis

232 2445 436 2514 ὑπαιύπωσις
466 2441 585 2508 dicitur
616 2441 787 2528 proposita
820 2440 986 2527 quaedam
1012 2438 1120 2506 forma
1142 2458 1252 2504 rerum
1282 2436 1332 2504 ita
1355 2457 1516 2524 expressa

233 2548 355 2630 ucrhiS,
386 2552 431 2613 ut
462 2547 580 2613 cerni
610 2547 759 2635 potius
790 2546 1030 2614 uideantur
1060 2565 1184 2632 quam
1206 2544 1371 2611 audiri?
1418 2542 1514 2625 Quod

232 2656 315 2720 item
338 2675 380 2720 ex
405 2652 537 2720 Caecilii
560 2654 711 2720 doctrina
741 2674 815 2720 esse
839 2656 1010 2738 sumptum
1038 2650 1180 2735 uidetur,
1212 2672 1287 2718 cum
1311 2651 1401 2738 apud
1423 2650 1513 2716 Lon-

233 2761 348 2844 ginum
362 2759 417 2826 le.
435 2764 475 2846 (p.
490 2758 544 2844 49,
561 2760 680 2827 41.-V.
697 2791 741 2815 =
755 2781 786 2846 p.
799 2757 926 2840 147,17
941 2758 1063 2846 Sp.·H.)
1079 2757 1226 2842 legatur:
1247 2761 1336 2845 ὁρᾷς,
1359 2758 1388 2824 ὦ
1405 2761 1516 2844 ἑταῖρε,

233 2870 280 2939 ὡς
302 2869 499 2952 παραλαβών
522 2892 580 2933 σου
603 2868 660 2952 τὴν
682 2867 792 2951 ψυχὴν
816 2867 866 2931 διὰ
889 2873 954 2932 τῶν
973 2869 1083 2932 τόπων
1103 2869 1170 2950 ἄγει
1192 2867 1259 2951 τὴν
1282 2867 1401 2950 ἀκοὴν
1424 2868 1516 2949 ὄψιν

232 2981 361 3042 ποιῶν.
401 2973 472 3054 Quo
497 2994 539 3039 ex
562 2973 712 3060 exemplo
735 2993 805 3039 non
827 2974 895 3040 iam
911 2971 1042 3039 diifioile
1067 2975 1121 3039 est
1135 2971 1309 3056 designare
1332 2975 1513 3055 auctorem,

234 3100 333 3166 quem
348 3078 472 3146 Fabius
496 3079 542 3146 IX
557 3081 578 3146 2
593 3079 639 3146 44
660 3081 695 3146 in
718 3079 830 3147 animo
853 3079 1019 3164 habuerit,
1045 3101 1121 3146 cum
1144 3081 1215 3163 agit
1234 3078 1274 3145 de
1296 3080 1533 3164 ταπογραφίας“

232 3186 350 3270 figura.
396 3187 458 3252 Hic
480 3206 613 3273 quoque
637 3185 846 3254 Galactinum
876 3187 1043 3254 rhetorem
1070 3187 1226 3273 sequitur.
1272 3185 1404 3254 Etenim
1427 3206 1515 3271 quae

93 3340 94 3346 κ
232 3293 393 3376 leguntur
416 3293 504 3380 apud
528 3293 715 3376 Longinum
736 3315 767 3380 p.
782 3292 836 3377 49,
855 3294 871 3359 1
888 3294 969 3360 1.-v.
984 3325 1028 3350 =
1044 3316 1074 3381 p.
1094 3291 1358 3379 147,13Sp.-H.
1382 3290 1423 3358 de
1450 3293 1517 3359 hac

232 3399 351 3485 ligura,
368 3398 470 3466 talem
487 3399 584 3466 nobis
600 3399 746 3487 produnt
761 3402 963 3487 scriptorem,
981 3401 1038 3487 qui
1053 3420 1159 3486 aeque
1175 3401 1277 3485 atque
1291 3397 1516 3480 Quintilianus

233 3527 402 3580 unacum
431 3509 619 3593 temporum
646 3507 868 3574 translatione
899 3506 1097 3574 tractauerit
1126 3508 1352 3590 ιοπονραφίαν.
1398 3505 1515 3586 Quan-

234 3635 335 3700 quam
364 3613 429 3679 hoc
455 3633 576 3682 nomen
608 3614 702 3681 deest
734 3614 822 3702 apud
846 3613 1041 3698 Longinum
1087 3611 1248 3679 Locorum
1279 3613 1395 3678 autem
1417 3610 1514 3676 ‘dilu-

230 3719 341 3787 cidam
380 3722 415 3786 et
458 3720 702 3804 significantem
744 3720 1011 3808 descriptionem’
1050 3719 1199 3808 (Quintil.
1237 3717 1339 3807 §44)
1375 3718 1518 3806 praebet

234 3826 422 3913 exemplum
444 3825 604 3894 Herodoti
626 3827 723 3911 1129,
754 3848 820 3915 quo
847 3826 1030 3894 illustrauit
1059 3826 1147 3892 hanc
1177 3825 1322 3911 figuram
1343 3824 1516 3910 Longinus

232 3933 252 4000 l.
269 3955 294 4000 s.
333 3934 452 4021 Itaque
467 3934 574 4001 totius
595 3933 684 4000 illius
708 3934 749 4000 de
772 3937 1011 4008 ὑποταπώαεως
1033 3934 1141 4018 figura
1155 3931 1392 4020 disputationis
1415 3953 1513 4019 prae·

234 4042 368 4128 cipuum
399 4043 569 4109 auctorem
591 4039 697 4107 fuisse
726 4040 894 4108 rhetorem
925 4040 1134 4108 Calactinum
1164 4059 1364 4128 persuasum
1396 4038 1515 4106 habeo.

234 4145 326 4227 Quae
350 4146 471 4234 opinio,
502 4147 567 4214 nisi
591 4146 720 4232 egregie
750 4145 857 4232 fallor,
891 4147 996 4215 altero
1028 4151 1225 4232 argumento
1255 4145 1364 4214 fulciri
1392 4147 1517 4232 potest.

233 4251 367 4320 Etenim
398 4253 592 4322 nominatur
624 4254 661 4320 in
691 4255 755 4320 hac
785 4254 992 4341 quaestionis
1022 4257 1117 4344 parte
1152 4251 1241 4335 apud
1273 4251 1515 4333 Quintilianum

341 4430 361 4500 1)
381 4430 417 4486 cs.
440 4431 565 4487 Martens
589 4431 608 4488 1.
627 4449 650 4490 ι.
667 4447 696 4503 p.
711 4431 792 4505 16117
814 4431 878 4488 adn
917 4431 1054 4488 Ooblenta
1078 4431 1097 4488 l.
1115 4449 1138 4488 s.
1157 4448 1183 4503 p.
1201 4429 1291 4503 19120.
1331 4430 1352 4485 Ι.
1370 4427 1516 4495 Woehrcr,

234 4521 270 4576 de
287 4521 321 4577 A.
340 4519 461 4576 Cornelii
485 4519 558 4576 Celsi
580 4519 723 4577 rhetorica
745 4519 898 4591 (dissertat.
922 4520 1019 4593 philol.
1042 4520 1201 4577 Vindobon.
1217 4519 1268 4574 VH
1286 4517 1385 4588 [lwssll
1408 4535 1435 4590 p.
1456 4517 1517 4573 119.

234 4608 544 4768 (οἷὲῶιὶίαωέἓιαιιὼ
562 4609 581 4665 l.
600 4626 623 4664 s.
645 4625 674 4681 p.
692 4608 728 4664 68
746 4626 804 4682 seq.
833 4627 897 4666 oum
921 4610 1034 4678 odnct.;
1058 4609 1103 4676 io..
1128 4625 1198 4665 mus.
1216 4607 1308 4664 Rhen.
1326 4607 1383 4663 uol.
1401 4605 1518 4663 XXXIV

341 4714 368 4769 p.
438 4737 444 4752 .
