3458 5100
756 294 980 360 ..23-

416 617 459 699 B.
505 617 563 698 De
592 616 737 698 anima
764 615 865 716 quid
893 615 1085 697 docuerit
1113 613 1331 697 cornutus.

335 776 385 842 De
420 774 606 859 categoriis,
641 778 681 841 ut
715 774 866 858 arbitror,
902 773 986 841 satis
1021 772 1146 841 dictum
1182 777 1242 840 est.
1290 773 1358 853 Sed
1394 773 1512 841 eadem

228 904 343 950 rursus
375 883 478 949 oritur
511 879 696 948 difficultas
726 881 761 946 in
785 881 834 947 eis
857 901 945 969 quae
967 901 1058 946 nunc
1080 880 1244 948 tractabo.
1289 881 1422 947 Etenim
1445 902 1510 967 quo

229 989 312 1057 libro
342 988 377 1056 id
409 988 498 1076 quod
535 987 662 1076 profert
691 985 894 1054 lamblichus
928 986 1019 1074 apud
1054 986 1239 1054 Stobaeum
1271 986 1336 1053 1101.
1356 988 1371 1054 Ι
1389 987 1443 1072 49,
1467 987 1511 1052 43

229 1119 260 1186 p.
281 1095 410 1181 383,ae
435 1093 490 1162 W.
520 1093 569 1162 de
604 1095 748 1162 anima
782 1095 952 1162 edocuerit
974 1093 1140 1160 Cornutus
1173 1093 1300 1161 frustra
1333 1095 1512 1182 quaeritur.

230 1207 342 1291 Atque
365 1202 558 1289 disputatur
579 1201 643 1268 boe
665 1200 737 1268 1000
762 1202 803 1268 (10
826 1202 942 1268 mortis
966 1222 1079 1284 causa,
1107 1203 1222 1267 utrum
1250 1201 1380 1268 arteriis
1404 1201 1513 1268 suffo-

231 1310 315 1376 catis
346 1329 392 1376 an
421 1308 550 1376 uiribus
581 1307 765 1376 debilitatis
796 1329 840 1374 an
872 1307 1049 1375 deficiente
1077 1307 1186 1374 calore
1209 1307 1284 1374 uita
1306 1307 1513 1374 absumatur.

232 1417 304 1499 Quo
333 1435 444 1484 rerum
467 1435 597 1482 conexu
620 1414 804 1482 Gomutum
827 1412 927 1481 simul
958 1435 1034 1482 cum
1064 1435 1198 1502 corpore
1230 1414 1377 1482 animam
1408 1414 1513 1502 perire

230 1524 405 1614 putauisse
429 1521 596 1588 discimus.
642 1521 723 1589 'lbos
747 1521 837 1588 enim
869 1524 966 1588 erant
995 1520 1268 1608 philosophorum
1299 1521 1513 1608 opiniones¹tz

230 1629 400 1721 putabant
422 1629 480 1696 alii
513 1629 662 1696 animam
683 1627 718 1695 in
742 1631 849 1695 morte
873 1631 953 1694 ante
970 1648 1088 1714 corpus
1111 1628 1226 1714 perire,
1250 1627 1308 1695 alii
1323 1627 1423 1694 simul
1438 1649 1515 1694 oum

233 1756 366 1823 corpore
390 1756 465 1802 eam
497 1735 655 1820 extingui,
692 1733 749 1802 alii
772 1735 988 1822 superstitem
1012 1756 1087 1801 eam
1110 1756 1168 1822 per
1191 1755 1227 1801 se
1251 1733 1358 1802 solam
1382 1755 1514 1822 corpore

233 1842 380 1909 solutam
402 1841 529 1908 1111111110
552 1861 735 1909 remanere.
779 1841 876 1908 Hanc
898 1841 1034 1908 tertiam
1050 1842 1254 1908 sententiam
1270 1842 1305 1907 in
1320 1843 1516 1909 uniuersum

232 1948 421 2041 probabant
437 1948 548 2032 Stoici,
571 1949 622 2016 ita
643 1950 769 2032 tamen,
794 1951 834 2014 ut
848 1947 984 2014 nonnisi
999 1949 1148 2032 egregias
1164 1950 1369 2036 sapientium
1384 1948 1516 2014 animas

233 2055 290 2122 diu
304 2075 500 2143 permanere
515 2057 715 2137 statuerent,
736 2076 812 2122 oum
827 2054 1001 2122 imbecillis
1017 2053 1196 2122 stultorum
1221 2060 1324 2143 atque
1339 2055 1516 2141 impiorum

234 2163 354 2229 animis
377 2160 624 2249 aliquantulum
648 2161 705 2228 uel
726 2161 809 2228 nihil
832 2162 991 2248 temporis
1014 2161 1239 2249 relinquerent
1261 2165 1340 2247 post
1362 2166 1516 2246 mortem,

235 2270 272 2336 cf.
304 2270 345 2336 de
375 2269 502 2353 Arnim,
535 2268 633 2336 Stoic.
665 2271 733 2337 uet.
763 2267 870 2353 irgll
891 2290 922 2355 p.
939 2269 1004 2334 223
1028 2290 1119 2356 seqq.
1150 2269 1301 2337 110809.
1332 2268 1407 2335 810.
1441 2269 1517 2336 811.

234 2376 309 2445 817.
332 2376 407 2443 822.
462 2376 555 2458 Quae
587 2395 663 2441 cum
693 2375 744 2443 ita
774 2377 844 2442 sint
875 2397 937 2442 suo
972 2375 1043 2442 iure
1074 2375 1179 2443 Zeller
1200 2376 1221 2442 l.
1237 2375 1322 2441 s.111
1338 2377 1383 2442 1³
1404 2397 1435 2462 p.
1451 2375 1516 2441 693

235 2481 347 2550 011113
372 2481 510 2550 Oomuti
540 2481 730 2568 opinionem
761 2504 783 2548 a
812 2482 954 2566 uulgata
977 2481 1163 2550 Stoicorum
1195 2483 1366 2549 sententia
1393 2482 1517 2549 abhor-

234 2593 365 2657 rentem
388 2590 479 2655 omni
501 2589 690 2674 suspicione
713 2609 826 2656 carere
848 2591 964 2673 negat,
996 2589 1061 2675 qui,
1086 2588 1115 2654 si
1137 2610 1173 2655 re
1195 2610 1278 2655 uera
1300 2588 1518 2677 philosophus

234 2695 435 2783 Leptitanus
465 2683 615 2782 talequid
646 2681 861 2761 consuluisse
884 2693 1056 2782 putandus
1087 2696 1141 2775 sit,
1173 2696 1307 2762 nonnisi
1330 2697 1371 2763 de
1404 2696 1519 2762 anima

236 2799 382 2887 animali,
407 2822 494 2889 quae
516 2801 657 2868 rationis
680 2821 798 2888 expers
822 2803 884 2884 est,
916 2802 1053 2884 cogitari
1083 2822 1183 2888 posse
1205 2803 1390 2888 profitetur.
1435 2803 1518 2868 Ani-

236 2907 373 2979 malium
406 2908 495 2975 enim
527 2907 658 2975 animas
688 2907 846 2976 mortales
877 2928 987 2994 neque
1021 2907 1189 2975 durabiles
1219 2908 1389 2995 putabant
1416 2909 1519 2976 Stoici

237 3014 421 3083 seeundum
435 3014 507 3081 Arii
521 3013 656 3102 Didymi
681 3015 758 3102 epit.
773 3016 869 3104 phys
885 3014 922 3081 ir.
940 3014 983 3080 39
998 3015 1089 3082 Diels
1112 3015 1257 3099 (doxogr.
1273 3037 1364 3103 gnp.
1379 3015 1456 3101 471,
1466 3015 1519 3082 23.

236 3121 358 3190 Euseb.
380 3143 492 3210 praep.
516 3142 635 3206 euang.
650 3120 714 3187 XV
729 3122 827 3210 zue)
842 3155 887 3179 =
902 3121 1002 3191 Stolo.
1025 3122 1129 3206 frg.ll
1150 3143 1203 3189 no.
1220 3122 1299 3189 809:
1328 3174 1383 3190 ...
1405 3124 1461 3195 τὰς
1484 3125 1520 3189 δὲ

236 3237 301 3295 τῶν
331 3230 487 3313 ἀφρόνων
516 3230 571 3294 καὶ
597 3231 725 3313 ἀλόγων
748 3230 846 3313 ζῴων
872 3229 981 3314 ψυχὰς
1002 3231 1258 3296 συναπόλλυσθαι
1280 3238 1344 3302 τοῖς
1366 3233 1519 3315 σώμασιν.

237 3339 287 3403 110
308 3335 452 3422 primum
474 3334 608 3423 quidem
623 3336 840 3423 Leptitanum
863 3356 938 3402 esse
960 3336 1221 3420 intellegendum
1243 3336 1519 3403 uerisimillimum

238 3442 343 3509 11100
367 3440 457 3529 quod
480 3441 628 3510 Stoicam
651 3441 802 3510 redolent
830 3443 1016 3510 doctrinam
1046 3464 1097 3525 ea,
1126 3464 1213 3529 quae
1237 3443 1340 3509 tradit
1361 3443 1425 3510 hoc
1446 3442 1519 3510 loeo

238 3548 406 3617 Stobaeus
441 3549 493 3636 (ci.
516 3547 621 3615 Zeller
642 3548 662 3615 l.
686 3549 736 3636 s.);
779 3549 898 3617 deinde
939 3548 1045 3615 uerba
1083 3553 1164 3616 sunt
1197 3549 1384 3633 Iamblichi,
1421 3571 1521 3638 quem

238 3659 370 3744 praeter
404 3655 542 3723 llomuti
583 3654 746 3723 aduersus
780 3658 967 3739 categorias
1002 3654 1233 3742 opusculuml)
1268 3656 1351 3723 alios
1386 3677 1520 3744 quoque

240 3762 389 3830 eiusdem
412 3762 541 3830 libellos
563 3763 700 3830 nouisse
723 3762 814 3829 band
838 3762 985 3829 alienum
1014 3765 1066 3830 est
1089 3784 1111 3829 a
1132 3762 1379 3849 probabilitate.
1425 3763 1521 3845 Quod

240 3872 365 3939 attinet
387 3873 431 3939 ad
454 3871 639 3939 doctrinam
663 3870 876 3956 singularem,
908 3893 995 3959 quae
1026 3871 1080 3938 hic
1102 3871 1348 3958 pronuntiatur,
1380 3890 1448 3937 non
1480 3893 1522 3937 aa

240 3977 321 4044 mihi
354 3979 497 4064 uidetur,
533 3999 620 4066 quae
656 3977 786 4045 collatis
820 3978 960 4045 aliorum
985 3977 1170 4044 Stoicorum
1209 3976 1419 4063 opinionibus
1452 3998 1521 4043 non

240 4087 389 4152 reuocari
411 4085 519 4171 possit
542 4084 590 4152 ad
616 4085 782 4172 propriam
813 4084 976 4152 eiusmodi
1006 4083 1278 4172 pbilosophorum
1308 4083 1521 4151 sententiam.

348 4333 367 4403 ¹)
388 4332 424 4390 01.
444 4333 524 4390 Stob.
542 4334 560 4388 l.
573 4349 595 4387 e.
615 4373 642 4387 ..
658 4329 693 4398 ,ἦ
712 4333 780 4402 ψυχὴ
798 4331 827 4384 ἐν
843 4334 881 4398 rq‘
899 4329 1079 4399 ἂποθνῆσκειν
1090 4333 1286 4404 προφθείρεται
1302 4339 1350 4386 τοῦ
1368 4330 1524 4400 adparari

242 4418 434 4474 σιναπόλλπαι
452 4420 521 4489 adep
539 4423 557 4488 ἢ
573 4417 751 4490 calliopium
768 4419 834 4474 καθ’
859 4419 953 4487 ἑαυτὴν
969 4419 1037 4490 μετὰ
1054 4423 1103 4488 τὴν
1120 4417 1229 4474 ἐνθένδε
1247 4417 1347 4485 ἔξοδον.

349 4511 369 4581 ’1
389 4510 544 4566 Cornutum
575 4526 633 4565 una
663 4527 727 4566 cum
758 4509 914 4581 Porphyrio
949 4509 1058 4566 reiutat
1087 4511 1257 4566 lamblichus
1293 4511 1369 4583 apud
1400 4510 1522 4581 simplic.

241 4600 262 4656 1.
281 4599 336 4655 33¹
360 4599 512 4655 14=572
533 4599 624 4654 16Β1.
645 4598 718 4669 (uide
736 4616 763 4670 p.
776 4599 829 4670 77).
