3458 5100
738 316 960 382 ,23-

209 493 364 560 notiones
386 494 570 580 repperisse
602 493 665 560 sibi
687 493 876 578 uidebatur,
913 515 1001 580 quae
1032 497 1129 560 extra
1152 495 1337 578 categorias
1361 495 1490 562 Aristo-

210 599 327 666 telicas
351 601 552 666 exsisterent
584 621 748 686 quaeque,
781 602 811 668 si
840 601 939 668 modo
963 602 1049 668 ratio
1080 600 1166 667 bene
1196 601 1355 668 instituta
1378 601 1491 668 omnia
1516 670 1518 675 .

211 707 254 773 ad
289 729 386 774 suam
421 707 503 774 artis
538 718 690 774 normam
724 699 873 790 redigere
908 707 1058 792 deberet,
1098 708 1141 775 ad
1175 709 1342 775 rationem
1376 711 1492 776 essent

210 815 409 882 reuocanda.
456 813 576 896 Qualia
606 813 732 880 fuerint
762 835 849 900 quae
883 814 1096 881 desiderabat
1127 815 1249 902 optime
1281 815 1491 899 cognoscitur

212 942 254 987 cx
276 921 418 1008 Dexippi
448 921 560 988 uerbis
583 943 613 1008 p.
630 921 737 1004 32,10
751 941 851 1008 seqq,
885 921 942 988 ubi
969 942 1165 1008 quanquam
1196 921 1333 988 Cornuti
1365 922 1491 990 mentio

211 1027 313 1114 plana
342 1049 410 1094 non
442 1028 494 1111 lit,
526 1031 642 1094 tamen
674 1028 953 1112 aduersariorum,
987 1028 1045 1115 qui
1074 1049 1229 1095 mancam
1253 1028 1492 1114 uituperabant

211 1135 454 1219 categoriarum
477 1133 756 1218 distributionem,
782 1135 1003 1218 sententiaeb
1028 1138 1235 1202 enarrantur.
1265 1133 1363 1201 Vnde
1386 1136 1491 1220 uidae,

211 1241 300 1326 quod
339 1263 440 1328 supra
479 1245 519 1327 (p.
544 1240 597 1325 21)
635 1242 703 1307 iam
743 1241 897 1325 diximus
937 1244 1181 1326 categoriarum
1219 1241 1426 1328 disciplinam
1458 1244 1493 1309 et

161 1410 165 1417 .
212 1347 409 1415 elocutionis
420 1368 544 1432 genera
554 1347 747 1434 turpissime
762 1348 837 1414 illos
854 1346 1053 1429 confudisse,
1078 1347 1200 1434 quippe
1216 1347 1274 1435 qui
1288 1350 1493 1434 requirerent

212 1457 402 1539 ἀποφάσεις,
438 1458 607 1540 περήσεις,
643 1457 787 1539 ἀόριστα,
823 1457 972 1538 ἐγκλίσεις
1004 1453 1152 1542 (Dexipp.
1172 1453 1192 1520 l.
1214 1460 1264 1540 s),
1300 1459 1493 1540 ἕτερώυυμο,

211 1564 410 1645 πολυώνυμυ
442 1560 595 1647 (Simplie.
618 1560 641 1627 f.
665 1563 700 1626 5ἴ
725 1561 782 1646 24;
812 1561 889 1627 uide
912 1583 942 1647 p.
958 1563 1012 1645 77)
1044 1561 1125 1648 alia,
1156 1582 1225 1627 non
1254 1565 1327 1628 tam
1358 1570 1493 1646 στοιχεῖα

212 1670 309 1752 λόγου
333 1689 432 1755 quam
456 1672 540 1753 μέρη
564 1671 689 1744 λέξεως,
721 1689 818 1754 quae,
852 1689 928 1736 cum
950 1689 1009 1754 per
1031 1689 1068 1735 se
1092 1667 1138 1734 nil
1162 1669 1310 1751 ualeant,
1338 1689 1406 1734 non
1428 1669 1495 1734 nisi

212 1777 292 1840 κατὰ
315 1777 460 1850 σύνταξιν
489 1778 654 1862 usmpata
684 1775 868 1858 genuinum
899 1775 1060 1842 exhibent
1091 1796 1237 1842 sensum.
1285 1776 1391 1857 Quem
1414 1797 1493 1843 uero

213 1882 422 1968 proposuerit
452 1882 695 1963 categoriarum
725 1902 902 1948 numerum
934 1880 1114 1965 Cornutus,
1146 1882 1210 1948 bac
1242 1882 1283 1948 de
1313 1902 1348 1947 re
1379 1885 1495 1949 tacent

214 1988 399 2074 scriptores.
448 1988 565 2074 Neque
600 2009 680 2055 uero
715 1988 906 2072 augendum
940 1987 1035 2055 illum
1067 1988 1282 2056 constituisse
1317 2009 1495 2055 numerum

212 2097 370 2179 putemus
402 2114 539 2160 necesse
563 2097 623 2169 est,
659 2096 817 2180 quoniam
839 2095 1022 2182 suppositis
1046 2094 1120 2161 aliis
1151 2094 1233 2160 artis
1264 2093 1495 2161 fundamentis

213 2200 269 2266 uel
291 2202 439 2267 minuere
463 2221 540 2267 eum
555 2200 641 2268 licet.
677 2201 771 2282 Quod
787 2201 1000 2268 uerisimilius
1016 2201 1163 2268 efficitur
1175 2200 1308 2268 Stoicae
1324 2200 1495 2269 doctrinae

214 2308 472 2395 comparatione,
505 2329 592 2394 quae
615 2306 844 2399 defensionem
872 2308 1035 2374 sustinuit
1057 2311 1218 2395 quattuor
1241 2308 1494 2392 categoriarum,

214 2435 301 2500 quae
325 2418 407 2482 sunt
428 2416 464 2481 τὸ
492 2419 703 2500 ὑποκείμενον
728 2454 769 2463 -
792 2416 828 2481 τὸ
851 2417 944 2481 ποιόν
966 2455 1005 2462 -
1033 2416 1069 2480 τὸ
1096 2421 1170 2488 πῶς
1193 2419 1267 2499 ἔχον
1292 2415 1391 2480 -τὸ
1413 2417 1496 2499 πρός

213 2525 243 2587 τί
258 2547 334 2593 πως
349 2525 423 2606 ἔχον
447 2521 602 2608 (Simplic.
624 2522 645 2587 f.
664 2521 776 2588 161136
797 2553 842 2578 ==
860 2522 922 2589 48a
947 2521 988 2588 13
1007 2522 1073 2605 Br.;
1103 2520 1224 2588 Plotin.
1243 2520 1328 2588 Eun.
1347 2520 1496 2606 V11,25

215 2625 254 2716 [Π
276 2648 306 2713 p.
322 2628 453 2710 291,28
476 2627 526 2696 ed
542 2625 770 2718 Volkmannll.
815 2629 932 2715 Neque
955 2627 1071 2712 fugere
1093 2631 1130 2694 te
1152 2628 1254 2695 uelim
1275 2627 1497 2716 Porphyrium

214 2735 321 2821 priore
343 2735 415 2801 loco
444 2735 531 2817 (uide
554 2756 585 2821 p.
600 2735 666 2821 76),
692 2735 748 2802 ubi
771 2734 851 2802 dicit
874 2734 915 2802 de
940 2735 1096 2818 Cornuto,
1126 2734 1497 2802 distributionem

213 2844 333 2928 utpote
357 2861 512 2908 mancam
528 2845 630 2928 atque
644 2843 804 2910 uitiosam
827 2841 923 2908 illum
937 2842 1146 2928 improbasse
1161 2842 1341 2910 memoriae
1364 2841 1496 2908 tradere

216 2950 335 3033 (ἐλλιπῆ
358 2974 454 3032 φασιν
484 2949 561 3014 εἶναι
590 2951 648 3034 τὴν
678 2951 921 3034 διαίρεσιν),
953 2949 1137 3036 posteriore
1170 2952 1285 3015 autem
1313 2949 1385 3016 loco
1409 2947 1497 3032 (uide

215 3077 245 3141 p.
264 3055 315 3138 76)
340 3055 734 3122 doenumeratione
758 3058 824 3141 (τὴν
847 3060 891 3129 εἷς
912 3057 950 3121 τὰ
973 3058 1053 3122 αὐτὰ
1068 3060 1142 3141 γένη
1167 3059 1496 3141 καταρίθμησιν)

216 3163 320 3229 uerba
341 3160 460 3229 iacere.
504 3161 599 3243 Quod
620 3163 671 3228 ita
693 3161 937 3249 expediendum
953 3183 1027 3229 esse
1051 3162 1202 3242 arbitror,
1227 3166 1267 3229 ut
1290 3163 1497 3229 enumeratio

215 3271 305 3335 recte
329 3267 457 3335 dicatur
481 3268 522 3334 de
545 3269 736 3335 Aristotelis
759 3271 899 3355 ratione,
924 3269 1110 3337 seeundum
1133 3291 1236 3357 quam
1258 3291 1322 3337 sua
1345 3290 1498 3357 quaeque

217 3375 419 3442 auctoritate
441 3375 531 3442 idem
561 3375 655 3442 ualet
685 3377 855 3460 categoria
878 3376 928 3460 (of.
944 3377 1083 3464 Dexipp.
1106 3398 1136 3462 p.
1153 3376 1280 3460 39,10),
1309 3375 1498 3443 distributio

217 3482 289 3548 siue
324 3480 442 3548 diuisio
479 3483 521 3548 de
552 3483 739 3549 Stoicorum
770 3483 932 3567 doctrina,
968 3505 989 3550 a
1023 3483 1144 3571 quibus
1175 3486 1308 3571 praeter
1337 3485 1499 3570 quattuor

217 3588 412 3674 categorias,
429 3609 517 3683 quae
532 3589 621 3657 idem
637 3589 764 3674 ualent,
782 3610 950 3657 summum
966 3589 1091 3677 aliquid
1108 3588 1331 3658 constitutum
1347 3589 1498 3672 occurrit,

216 3697 251 3761 τὸ
264 3699 301 3761 ὅν
314 3695 386 3761 siue
396 3697 432 3761 τὸ
443 3699 480 3778 τί,
502 3697 555 3763 cui
568 3696 634 3763 hae
646 3699 833 3781 categoriae
850 3697 1072 3782 subiciuntur;
1097 3695 1136 3763 ci.
1148 3697 1242 3780 Diog.
1254 3697 1362 3763 Laert.
1374 3694 1434 3761 VH
1446 3695 1498 3762 61.

216 3801 336 3868 Plotin.
350 3802 371 3868 l.
387 3823 412 3868 s,
434 3801 529 3869 Alex.
545 3802 647 3889 Aphr.
674 3803 710 3870 in
733 3804 870 3871 Aristot.
892 3805 971 3892 Top.
987 3803 1034 3870 IV
1053 3805 1068 3869 l
1093 3826 1124 3891 p.
1145 3804 1207 3869 155
1231 3801 1304 3869 Ald.
1320 3824 1352 3889 p.
1368 3801 1444 3885 301,
1456 3801 1499 3868 19

219 3907 357 3975 Wallies
390 3908 584 3991 (Comment.
607 3910 643 3976 in
673 3911 812 3978 Aristot.
835 3909 900 3978 uol
920 3911 950 3976 lI
969 3911 1010 3994 2).
1056 3909 1161 3977 Zeller
1190 3908 1210 3976 l.
1231 3909 1378 3976 s.lll1⁸
1408 3930 1439 3995 p.
1455 3908 1499 3975 92

218 4014 293 4082 adn.
310 4017 340 4084 2.
398 4015 492 4097 Quod
526 4017 702 4084 disedmen
736 4021 849 4084 utrum
884 4016 1160 4084 animaduerterit
1192 4015 1357 4082 Cornutus
1391 4003 1526 4081 neonev

217 4121 381 4189 incertum
404 4126 470 4207 est3
501 4124 589 4190 sire
611 4145 695 4191 uera
724 4123 779 4190 ille
802 4124 959 4211 respexit,
990 4124 1112 4191 iterum
1143 4144 1208 4210 quo
1232 4121 1330 4190 modo
1354 4122 1499 4209 speeiem

218 4250 327 4296 rerum
351 4230 539 4297 seruauerit
561 4231 826 4319 rhetoricamque
848 4230 993 4298 indolem
1015 4230 1220 4318 praestiterit
1243 4232 1391 4316 apparet.

326 4335 520 4424 Sequuntur
541 4336 740 4423 fragmenta,
763 4359 850 4425 quae
874 4336 917 4404 ad
940 4338 1091 4422 singulas
1115 4337 1300 4420 categorias
1322 4337 1500 4423 pertinent

327 4515 348 4576 ¹)
367 4515 410 4570 De
428 4514 529 4570 ceteris
547 4515 657 4570 duobus
676 4514 911 4570 conuadiotionis
929 4515 1079 4584 generibus
1098 4514 1135 4569 cf.
1154 4513 1278 4586 Simplic.
1297 4512 1319 4568 1.
1340 4513 1390 4569 lbu
1412 4512 1448 4566 33
1464 4536 1501 4557 =

218 4601 380 4658 47b2513r.
416 4604 535 4675 Dexipp.
553 4619 581 4674 p.
594 4602 814 4676 30,35seqq.—-
827 4603 949 4674 Simplio.
968 4602 989 4660 1.
1004 4603 1050 4658 16Ι
1067 4603 1103 4659 35
1123 4627 1157 4647 =
1174 4602 1282 4658 48513
1299 4601 1346 4658 Br.
1382 4600 1501 4675 Dexipp.

218 4708 246 4762 p.
265 4691 421 4765 34,4seqq.
