3458 5100
783 284 1005 349 ..40-

253 461 417 547 scriptura
446 461 482 526 in
515 459 703 546 Catholicis,
738 481 912 548 perperam
941 461 1049 529 Probo
1084 462 1220 550 Berytio
1256 463 1441 551 adscriptis,
1478 464 1534 532 GL

252 566 299 633 IV
321 589 351 654 p.
370 568 421 651 10,
434 567 486 633 22.
513 567 563 650 14,
576 567 628 634 33.
652 568 705 650 22,
719 569 770 636 27.
794 568 848 651 38,
860 567 904 634 29
927 567 967 634 Κ.

358 673 433 755 Qua
462 695 497 741 re
525 695 607 740 cum.
623 674 723 742 Probi
745 675 873 762 Berytii
897 676 1081 742 auctoritas
1104 675 1195 763 apud
1219 676 1373 743 Seruium
1396 682 1534 745 auctum

252 781 295 848 ad
326 801 434 864 georg.
465 781 568 849 1277
599 780 813 864 agnoscenda
843 781 925 848 mihi
953 782 1120 866 uideatur,
1153 803 1229 848 cnm
1259 783 1440 852 Ribbeckio
1464 785 1484 850 l.
1508 808 1533 851 s.

251 887 302 954 ita
332 887 455 978 scribo:
490 887 631 955 ‘Probus
665 891 793 958 Horcuc
829 888 919 972 legit,
959 888 1126 956 Cornutus
1160 891 1258 956 uetat
1295 891 1534 977 aspirationem

249 993 459 1062 addendam?
491 995 562 1076 Quo
582 1016 626 1062 ex
647 1016 757 1062 rerum
780 994 894 1062 ordine
918 994 959 1062 de
983 998 1097 1062 aetate
1120 999 1296 1062 auctorum
1326 996 1409 1062 nihil
1434 997 1533 1064 licere

251 1101 399 1167 conicere
430 1105 547 1168 contra
578 1100 753 1188 Steupium
783 1124 813 1189 p.
837 1102 882 1170 67
915 1103 1062 1169 Kuebler
1091 1105 1182 1169 recte
1212 1105 1280 1169 iam
1303 1105 1433 1171 monuit
1464 1104 1484 1170 l.
1508 1128 1532 1172 s.

250 1225 281 1296 p.
301 1208 358 1292 12;
389 1209 514 1275 etenim
543 1211 621 1296 post
645 1208 828 1277 Cornutum
851 1208 988 1292 Vergilii
1018 1209 1167 1276 carmina
1197 1212 1364 1277 tractasse
1386 1210 1533 1278 Probum

251 1317 364 1382 cetera
385 1316 575 1398 fragmenta
597 1317 682 1383 satis
706 1315 955 1401 demonstrant3
978 1317 1045 1383 nisi
1066 1315 1153 1383 forte
1177 1317 1234 1384 alii
1258 1316 1391 1384 cuidam
1406 1319 1532 1406 Berytii

251 1420 292 1487 de
322 1422 422 1488 rebus
453 1422 679 1506 grammaticis
709 1423 765 1489 uel
796 1423 1059 1509 orthographicis
1090 1422 1200 1490 libello
1231 1422 1320 1490 hanc
1348 1424 1532 1492 doctrinam

250 1531 360 1596 mauis
387 1529 543 1610 tribuere,
579 1529 637 1615 qui
666 1529 751 1596 liber
780 1532 861 1596 ante
893 1531 1150 1597 commentarios
1182 1529 1391 1614 Vergilianos
1422 1533 1533 1618 potuit

250 1635 367 1702 emitti.

357 1742 451 1824 Quod
483 1743 609 1810 attinet
638 1742 683 1809 ad
704 1743 841 1827 Vergilii
871 1744 976 1830 ipsius
1006 1744 1204 1831 scripturam
1233 1744 1269 1809 in
1300 1765 1401 1810 uersu
1424 1763 1531 1828 georg.

247 1848 262 1914 1
278 1849 353 1935 277,
378 1869 494 1918 uereor
508 1872 551 1916 ue
567 1853 657 1917 recte
680 1871 748 1917 non
771 1849 969 1918 indicauerit
982 1850 1143 1936 Ribbeck,
1167 1850 1309 1937 prolegg.
1325 1872 1354 1937 p.
1370 1851 1441 1936 139,
1467 1852 1531 1937 qui,

248 1957 349 2022 sicuti
370 1957 406 2022 in
430 1957 574 2024 editione
597 1956 733 2041 Vergilii
756 1959 878 2044 posuit,
910 1961 1037 2026 Horace
1063 1960 1198 2043 poetam
1222 1957 1404 2030 arbitratur
1426 1958 1530 2045 scrip-

249 2063 334 2130 sisse
365 2067 501 2131 secutus
532 2063 679 2131 codicem
701 2063 838 2148 Vergilii
864 2064 1057 2131 Palatinum
1087 2063 1123 2130 P.
1173 2062 1261 2130 Nam
1295 2064 1531 2151 adspirationis

248 2173 364 2237 notam
395 2172 431 2237 in
455 2170 563 2238 Seruii
585 2172 676 2238 aucti
706 2171 818 2238 codice
840 2171 866 2237 L
889 2192 958 2238 non
982 2171 1025 2237 ab
1048 2171 1143 2238 initio
1166 2170 1230 2237 hoc
1253 2169 1324 2237 loco
1349 2172 1529 2252 exstitisse,

247 2276 307 2344 sed
338 2299 360 2343 a
388 2278 488 2345 Petro
519 2279 659 2346 Daniele
698 2279 899 2345 scholiorum
938 2278 1062 2345 editore
1102 2277 1252 2345 additam
1291 2298 1366 2344 esse
1404 2276 1531 2344 indicat

247 2383 375 2468 Thil01)
399 2387 434 2451 in
457 2385 603 2452 editione
627 2385 670 2452 ad
690 2385 709 2452 l.
726 2407 751 2452 s.
767 2407 805 2452 s:
825 2386 964 2468 ‘Celsus
988 2389 1028 2452 ut
1050 2385 1131 2452 iuris
1154 2384 1285 2451 iurandi
1301 2383 1409 2471 deum,
1434 2384 1530 2472 palli-

247 2490 327 2558 dum
359 2490 494 2576 dictum,
530 2495 610 2578 quia
639 2493 789 2559 iurantes
824 2492 1047 2578 trepidatione
1082 2491 1286 2578 pallescunt:
1326 2512 1406 2558 nam
1441 2490 1531 2578 apud

248 2597 375 2668 “meacm
398 2598 577 2666 deiunctae
601 2599 734 2665 animae
758 2599 867 2665 iurare
890 2597 1062 2666 dicuntru’
1085 2619 1111 2664 e.
1125 2619 1154 2684 q.
1167 2619 1192 2663 s.
1243 2597 1373 2678 Quare
1397 2597 1531 2664 Celsum

246 2707 374 2775 Heroas
396 2705 555 2792 probasse
579 2710 743 2792 tanquam
764 2706 870 2793 ipsius
893 2709 1014 2792 poetae
1039 2705 1237 2792 scripturam
1260 2705 1395 2771 minime
1419 2705 1529 2771 conie-

248 2813 356 2878 cerim.
402 2812 671 2899 Adspirationem
702 2811 844 2900 donique
867 2812 1017 2878 inlibris
1041 2813 1187 2878 uetustis
1211 2813 1370 2878 omissam
1394 2813 1528 2898 saepius

247 2918 398 2985 additam
431 2919 534 2986 luisse
565 2941 587 2986 a
616 2920 796 2986 lectoribus
819 2917 1024 3001 intellegitur
1046 2939 1088 2985 ex
1111 2917 1216 2988 Gellio
1239 2919 1314 3002 113,
1324 2919 1353 2985 6.
1400 2918 1464 2999 Qui
1493 2919 1529 2984 in

247 3026 347 3093 ‘libro
371 3027 539 3096 Aeneidos
570 3027 716 3093 secundo
748 3025 920 3093 mirandae
950 3026 1163 3109 uetustatis’,
1195 3026 1253 3113 qui
1279 3025 1384 3113 ipsius
1408 3029 1527 3112 poetae

248 3131 354 3199 fuisse
385 3134 572 3221 putabatur
601 3154 766 3221 quemque
798 3119 947 3200 nouerat
970 3153 1029 3220 per
1059 3132 1178 3198 Fidum
1209 3131 1384 3220 Optatum,
1412 3133 1528 3199 ‘multi

246 3239 391 3307 nominis
413 3240 541 3308 Romae
573 3240 856 3326 grammaticum',
881 3239 925 3307 ad
948 3261 1084 3306 uersum
1103 3239 1171 3307 470
1194 3243 1274 3305 ³...
1295 3240 1373 3305 telis
1397 3243 1433 3306 et
1454 3239 1527 3306 luce

246 3366 403 3413 coruscus
435 3352 535 3416 obnc’
571 3347 721 3414 additam
755 3368 857 3433 supra
891 3368 965 3414 sese
998 3346 1123 3414 uidisse
1146 3347 1167 3411 b
1189 3346 1336 3412 litteram
1360 3348 1397 3412 et
1423 3348 1528 3414 alcaeo

245 3454 374 3520 iactum
397 3453 484 3521 dicit.
524 3454 619 3522 Vnde
651 3457 791 3542 apparet
821 3475 890 3522 non
913 3475 1041 3520 errasse
1064 3451 1286 3519 Ribbeokium
1309 3453 1366 3538 qui
1389 3453 1528 3534 uariat

244 3558 378 3627 litterae
401 3561 436 3626 in
459 3561 704 3648 exemplaribus
727 3562 1020 3646 grammaticorum
1044 3580 1146 3646 supra
1169 3560 1304 3626 additae
1326 3560 1526 3645 interpreta-

244 3668 336 3735 tione
352 3667 482 3735 factum
498 3690 573 3735 esse
588 3667 795 3752 indicauerit,
819 3672 860 3734 ut
875 3667 1083 3751 grammatici
1099 3665 1324 3753 disceptarent
1339 3665 1380 3732 de
1400 3668 1527 3735 florea

247 3778 281 3841 et
306 3777 429 3845 Orcbm
451 3777 622 3862 scriptura.
1632 3767 1634 3772 ’

350 3884 422 3950 Iam
459 3903 637 3969 pergamus
676 3881 721 3948 ad
758 3882 902 3948 alterum
940 3879 1108 3968 quendam
1150 3880 1421 3964 grammaticum,
1469 3880 1525 3966 qui

211 4035 216 4046 -
245 3987 382 4056 Cornuti
416 3990 604 4056 sententias
638 3989 847 4056 refutauerIt.
892 3990 1005 4074 Atque
1039 3988 1210 4074 proximus
1234 3989 1288 4054 est
1310 3986 1525 4052 Aemilius

244 4096 380 4180 Asper,
404 4098 460 4182 qui
480 4097 653 4184 aliquanto
669 4097 747 4183 post
762 4095 899 4163 Cornuti
923 4097 1072 4162 aetatem
1094 4094 1220 4160 uixisse
1243 4093 1415 4180 putandus
1438 4095 1525 4175 csta

351 4292 370 4361 ¹)
389 4291 425 4346 of.
445 4293 533 4364 Steup
552 4293 602 4348 Is.
620 4309 648 4364 p.
661 4293 705 4348 85.

350 4381 370 4450 ⁹)
391 4377 427 4436 cl.
446 4381 578 4447 Ribbeck,
597 4381 722 4453 prolegg.
741 4397 769 4452 p.
783 4379 844 4437 128.
871 4379 1083 4445 Laemmerhirt,
1103 4379 1258 4434 Comment.
1278 4376 1375 4450 philol.
1392 4377 1525 4433 lonenses

243 4469 281 4524 IV
294 4468 381 4539 (1890)
400 4485 426 4540 p.
439 4469 569 4541 401seq.:
594 4468 728 4542 ‘Asprum
752 4468 838 4540 igitur
864 4469 915 4524 suh
934 4466 1023 4523 linem
1041 4468 1158 4523 secundi
1177 4470 1207 4522 et
1224 4467 1306 4522 initio
1324 4466 1402 4522 tertii
1420 4465 1524 4522 saeculi

243 4558 348 4614 uixisse
367 4558 513 4614 credimus.
560 4558 665 4613 Contra
689 4558 760 4613 dixit
779 4558 811 4613 G.
831 4558 930 4623 Goetz,
959 4557 1090 4612 Bursiani
1117 4557 1211 4612 annal.
1230 4554 1286 4610 uol.
1304 4555 1417 4610 LXVIII
1436 4553 1524 4625 (1891)

242 4647 348 4718 p.·146;
367 4645 434 4701 uide
451 4645 495 4702 rr.
515 4646 601 4712 Marx,
621 4646 719 4704 Lucilii
737 4647 861 4719 prolegg.
886 4647 969 4719 (hips.
988 4645 1066 4717 1904)
1084 4662 1111 4717 p.
1124 4642 1244 4700 LXXIV.
1273 4643 1362 4699 Alteri
1380 4661 1407 4716 p.
1421 4643 1484 4699 Chr.
1496 4659 1524 4698 n.
