3458 5100
774 354 998 420 „54-

244 532 383 617 quimur,
417 530 518 598 iudici
548 530 742 614 allegentur.
788 532 1028 598 Acutissimum
1058 531 1248 618 exemplum
1277 533 1312 598 in
1335 531 1529 620 Philippicis

243 637 572 706 Demosthenis...
616 638 852 721 Inuidiese1)
888 641 923 705 et
952 638 995 706 M.
1021 637 1150 704 Tullius
1184 659 1259 705 eum
1294 660 1395 726 saepe
1430 639 1525 722 alias,

244 749 318 813 tum
340 766 399 832 pro
422 745 542 812 Roscio
576 745 778 811 conuertit
808 746 1031 812 orationem
1061 743 1105 812 ad
1128 745 1379 833 Chrysogonum
1402 747 1445 812 ah
1469 745 1527 813 illo

243 852 314 920 loco
339 903 345 918 .
370 901 377 918 .
401 856 419 918 .’
466 852 559 933 Quae
594 872 670 918 oum
703 853 753 918 ita
787 853 856 918 sint
889 851 936 918 nil
970 853 1038 918 iam
1068 851 1203 919 obstare
1234 856 1316 939 puto
1348 853 1528 939 quominus

244 959 424 1027 Caecilium
455 957 650 1048 Quintiliani
680 961 851 1024 auctorem
882 959 916 1024 in
948 961 1154 1044 ἀποστροφῆς
1187 958 1298 1042 figura
1328 959 1529 1046 explicanda

245 1087 318 1133 esse
343 1066 501 1132 dicamus.
547 1066 634 1132 Nam
661 1065 755 1132 illum
781 1086 817 1132 re
840 1086 923 1132 uera
945 1065 986 1132 de
1009 1066 1074 1133 hac
1095 1067 1203 1150 figura
1226 1065 1417 1153 disputasse
1440 1067 1525 1133 satis
1599 1103 1604 1110 -

245 1174 409 1260 apparuit.
453 1171 550 1239 Addo
576 1156 748 1259 'postremo
771 1172 844 1239 loeo
869 1171 1057 1261 exemplum
1081 1194 1124 1239 ex
1145 1171 1229 1240 libro
1252 1172 1294 1238 de
1317 1172 1526 1239 sublimitate

245 1279 363 1363 c.16,2
376 1283 416 1366 (p.
429 1279 510 1361 39,9
522 1279 602 1346 I.-V.
611 1302 693 1366 =p.
704 1279 780 1365 136,
793 1279 834 1346 16
847 1279 979 1367 Sp.·H.),
993 1279 1052 1346 ubi
1062 1279 1299 1347 Demosthenis
1314 1278 1528 1346 notissimum

244 1407 303 1475 per
324 1385 521 1453 interfectos
544 1387 579 1453 in
602 1385 800 1453 Marathone
822 1386 1053 1453 iusiurandum
1077 1385 1235 1454 laudatur
1253 1390 1417 1472 tanquam
1444 1388 1525 1451 ἀπο-

245 1497 367 1579 στροφή
392 1533 434 1541 -
459 1495 513 1574 )ὅι’
538 1494 609 1566 ἑνὸς
631 1501 687 1559 τοῦ
711 1495 864 1578 ὁμοτικοῦ
892 1497 1062 1580 σχήματος,
1087 1497 1167 1579 ὅπερ
1187 1495 1303 1560 ἐνθάδε
1318 1494 1529 1578 ἀποστροφὴν

245 1603 309 1685 ἐγὼ
332 1603 433 1683 καλῶ)
456 1638 510 1683 -,
538 1598 580 1685 id:
604 1598 692 1686 quod
714 1601 860 1686 pertinet
890 1600 934 1667 ad
968 1600 1110 1667 alterum
1145 1621 1245 1688 quem
1276 1621 1376 1687 supra
1407 1603 1446 1687 lp.
1470 1600 1526 1682 52)

246 1708 352 1774 statui
376 1707 561 1774 secundum
576 1706 671 1773 Fabii
694 1706 949 1794 explicationem
972 1711 1178 1792 ἀποστροφῆς
1193 1729 1293 1773 usum
1315 1745 1359 1755 -·
1380 1705 1449 1790 l‘ad
1471 1697 1525 1772 in·

244 1815 458 1881 uocationem
481 1813 629 1899 aliquam
653 1815 913 1898 conuertimur').

354 1920 447 1988 Haec
478 1924 560 1986 sunt
593 1941 679 2007 quae
713 1921 862 1987 maxima
897 1941 973 1987 eum
1003 1920 1290 1987 uerisimilitudine
1321 1920 1366 1987 ad
1393 1920 1525 1987 Caecilii

247 2029 443 2095 doctrinam·
464 2027 578 2094 referri
611 2033 764 2115 possunt.
817 2027 980 2116 Respexit
1016 2028 1116 2108 igitur
1150 2027 1375 2110 Quintilianus
1412 2027 1445 2092 in
1485 2047 1528 2092 ea

246 2155 377 2227 quoqne
401 2138 497 2222 parte
514 2133 761 2222 disputationis,
787 2156 874 2223 quae
897 2135 1042 2222 pertinet
1065 2135 1108 2201 ad
1123 2136 1248 2218 figrnas
1272 2133 1527 2214 sententiarum,

247 2230 289 2309 ad
306 2241 491 2309 Calactitae
513 2244 700 2329 praecepta.
735 2243 863 2309 Deinde
879 2263 995 2309 earum
1017 2242 1210 2327 figurarum,
1235 2263 1320 2329 quas
1336 2241 1379 2307 ad
1396 2239 1524 2307 Comu-

245 2354 319 2415 tum
341 2349 506 2435 pertinere
528 2347 710 2416 Morawski
733 2349 882 2433 coniecit,
916 2349 1081 2437 quasdam
1105 2348 1149 2417 ad
1172 2348 1351 2416 Caecilium
1374 2350 1528 2433 spectare

246 2460 416 2523 auctorem
441 2456 476 2521 in
499 2455 675 2543 propatulo
701 2459 761 2522 est.
807 2457 924 2543 Neque
948 2454 1053 2522 ullum
1075 2456 1187 2523 inesse
1210 2455 1263 2522 his
1285 2455 1402 2538 figuris
1425 2474 1525 2538 argu-

246 2565 398 2629 mentum
422 2561 591 2628 afiirmare
624 2562 710 2646 licet,
743 2584 808 2650 quo
832 2563 903 2629 nixi
933 2585 1036 2630 unam
1067 2562 1252 2630 alteramue
1276 2562 1321 2629 ad
1343 2560 1527 2628 Comutum

246 2669 453 2737 reducamus.
500 2668 623 2735 Contra
656 2669 706 2735 ita
736 2675 817 2736 sunt
849 2669 919 2737 iere
949 2672 1143 2757 comparata
1174 2669 1259 2737 haec
1289 2667 1455 2756 exempla,
1487 2670 1531 2733 ut

246 2775 339 2842 hand
371 2775 579 2842 incommode
609 2776 734 2844 rhetori
762 2776 933 2843 Calactino
968 2777 1176 2844 uindicemus
1209 2776 1298 2842 hanc
1332 2775 1527 2842 doctrinam.

247 2881 399 2970 Dxempli
422 2903 526 2949 causa
549 2881 655 2950 adfero
678 2903 720 2949 ea
743 2904 829 2970 quae
853 2887 1031 2951 occurrunt
1054 2884 1144 2971 apud
1158 2883 1301 2951 Fabium
1322 2881 1369 2948 IX
1383 2882 1414 2961 2,
1424 2881 1466 2947 31
1484 2878 1525 2947 de

248 2989 460 3056 distinetione
482 2993 747 3075 προσωποποιίας
770 2993 805 3058 et
828 2993 986 3075 διαλόγων
1008 2991 1108 3057 nimis
1124 2995 1242 3074 argute
1256 2991 1425 3070 instituta,
1449 3007 1528 3054 cum

248 3096 410 3165 Caecilius
433 3096 570 3163 minima
586 3117 738 3184 quaeque
755 3096 946 3165 discrimina
960 3097 1099 3184 propriis
1114 3097 1305 3164 nominibus
1320 3095 1528 3179 notauerit,³l

248 3202 303 3269 uel
326 3223 478 3290 eaquae
501 3201 580 3270 dicit
603 3203 828 3284 Quintilianus
851 3205 897 3270 IX
911 3205 943 3289 2,
951 3205 995 3272 47
1020 3205 1060 3272 de
1084 3207 1302 3288 ἀντιφράσεως
1325 3208 1359 3269 et
1381 3200 1427 3267 IX
1442 3202 1473 3281 2,
1483 3200 1529 3267 58

249 3310 289 3376 de
311 3313 479 3394 μιμήσεως
500 3310 615 3393 figura.

354 3415 476 3483 Restat
508 3416 593 3483 haee
625 3416 821 3497 Quintiliani
855 3416 1052 3505 disputatio,
1086 3437 1154 3505 qna
1188 3415 1529 3483 controuersiae

247 3522 476 3606 figuratae
516 3522 725 3610 explicantur
763 3523 819 3607 (IX
845 3525 1063 3606 aee-101).
1119 3523 1172 3590 Ad
1211 3544 1312 3611 quam
1349 3521 1527 3610 praecipue

249 3631 398 3696 animum
420 3629 636 3697 intendamus
666 3651 804 3697 necesse
828 3633 896 3715 est,
932 3651 1008 3697 oum
1042 3631 1184 3699 eandem
1213 3651 1283 3696 rem
1314 3627 1413 3696 simili
1442 3649 1528 3694 usus

248 3736 368 3803 iudicio
403 3736 600 3803 tractauerit
632 3737 802 3805 Cornutus.
855 3737 983 3804 Multus
1021 3738 1110 3805 enim
1144 3742 1198 3805 est
1232 3736 1458 3818 Quintilianus
1492 3735 1524 3799 in

248 3842 478 3931 uituperandis
490 3843 697 3911 orationibus
709 3843 863 3928 figuratis
879 3865 977 3931 qnae,
1000 3849 1040 3912 ut
1054 3846 1125 3932 ipse
1138 3844 1228 3929 dicit,
1244 3843 1335 3930 apud
1350 3841 1530 3926 magistros

250 3949 459 4018 declamandi
488 3950 758 4038 frequentissime
787 3953 1082 4038 pertractabantur
1112 3955 1215 4040 atque
1245 3951 1375 4039 proprie
1396 3948 1529 4032 figurae

250 4057 460 4124 uocabantrr
483 4059 539 4140 (IX
554 4059 585 4142 2,
596 4059 734 4142 deco.
781 4045 852 4140 Quo
885 4058 926 4126 de
957 4080 1076 4143 genere
1105 4058 1289 4144 figurarum
1312 4056 1529 4144 quaestiones

248 4164 431 4231 rhetoricas
460 4165 612 4233 instituit
634 4167 656 4232 I.
680 4163 849 4231 Penndorf
877 4167 914 4231 in
945 4166 1040 4235 Stud.
1061 4165 1223 4253 Lipsiens.
1245 4165 1311 4232 uel
1326 4163 1390 4230 XX
1419 4161 1530 4245 (1902)

249 4294 279 4359 p.
297 4271 361 4338 169
374 4292 464 4358 seqq.
520 4271 612 4338 Bene
651 4276 766 4339 autem
801 4271 941 4337 meritus
976 4277 1029 4340 est
1061 4273 1127 4340 hac
1161 4272 1202 4340 de
1235 4292 1271 4339 re
1298 4269 1436 4355 Ilabius,
1471 4267 1530 4354 qui

248 4378 394 4444 indolem
413 4377 534 4444 harum
548 4378 732 4462 figurarum
754 4378 855 4466 plane
870 4382 1086 4466 perspexerat
1105 4382 1209 4467 atque
1225 4376 1352 4446 erudite
1367 4373 1533 4444 iudicauit

335 4555 377 4713 ,Q
397 4554 433 4610 cl.
453 4555 567 4622 Quintil.
586 4555 718 4624 mane:
746 4555 767 4611 ⁸.
786 4598 793 4613 .
812 4597 821 4614 .
839 4557 878 4612 ad
907 4555 1131 4613 inuidiosam
1155 4555 1375 4628 inplorationem
1401 4555 1531 4626 (conuer-

249 4644 360 4698 timur'
986 4646 989 4653 ·

345 4685 377 4801 l)
398 4732 436 4787 cl.
454 4732 631 4788 Burckhardt
649 4735 666 4790 l.
680 4752 701 4792 s.
714 4751 742 4807 p.
757 4736 799 4792 18.
826 4735 923 4791 Weise
940 4736 958 4791 l.
971 4751 993 4791 s.
1011 4752 1039 4807 p.
1054 4735 1086 4790 11
1097 4751 1175 4806 seqq.
